2043 3431
898 214 1208 259 ...14-

236 329 430 372 deorsum
477 337 727 383 sursumque
772 329 965 372 oscillans
1008 332 1203 382 tanquam
1241 331 1284 373 in
1331 340 1518 373 carceres
1564 330 1776 373 includunt
1825 334 1866 371 et

237 403 335 454 quia
363 403 473 444 circa
500 405 655 443 terram
684 411 730 443 se
756 402 974 444 revolvens
1005 403 1164 445 eoelum
1194 403 1261 444 cui
1288 402 1400 445 inest
1428 404 1518 459 sol,
1555 413 1649 446 eum
1676 403 1862 459 impedit,

240 475 459 527 quominus
498 475 570 516 via
610 478 723 517 reeta
763 475 1069 527 progrediatur.

349 616 502 661 Fateor
529 619 693 670 quidem
720 620 827 662 hane
850 620 1151 672 expositionem
1178 631 1262 663 non
1288 622 1479 663 omnibus
1508 622 1758 673 scriptorum
1802 620 1864 661 lo-

238 692 298 732 cis
323 691 585 747 consentire,
612 692 686 733 sed
714 702 800 733 non
827 693 946 734 video
988 693 1128 746 aliam,
1158 703 1262 744 quae
1292 703 1376 734 non
1405 696 1566 734 tantum
1593 693 1735 734 verbis
1763 693 1865 734 scri-

237 767 426 818 ptorum,
481 764 554 805 sed
603 765 728 806 etlam
772 765 1064 816 phaenomenis
1112 765 1214 817 ipsis
1254 775 1440 815 congrua
1480 766 1551 807 sit.
1627 763 1728 806 Tale
1769 766 1866 817 quid

236 837 361 878 etiam
407 835 629 878 Lucretius
668 835 905 889 Empedocli
942 837 1139 878 tribuisse
1174 837 1363 892 videtur,
1424 837 1496 889 qui
1531 840 1749 889 postquam
1786 836 1865 890 (V,

236 907 338 952 612.
378 907 481 961 618)
521 909 753 963 affirmarit,
791 910 894 951 solis
926 911 1082 951 motum
1110 919 1293 951 annuum
1321 920 1405 951 non
1434 919 1458 950 e
1486 909 1679 964 simplici,
1709 909 1779 951 sed
1813 919 1866 950 ex

235 982 396 1023 duobus
425 981 562 1023 causis
595 981 888 1038 derivandum,
933 983 990 1024 ita
1018 982 1158 1034 pergit
1184 992 1251 1024 vs-
1281 980 1364 1024 635
1393 990 1515 1033 sqq.:

401 1128 448 1168 fit
477 1137 640 1179 quoque
670 1130 718 1168 ut
745 1134 769 1168 e
796 1128 937 1169 mundi
966 1128 1217 1171 transversis
1243 1127 1428 1180 partibus
1467 1128 1543 1169 ae’r

402 1200 573 1242 alternis
609 1203 724 1241 certo
766 1202 896 1242 nuere
936 1201 1041 1242 alter
1075 1205 1259 1253 tempore
1289 1200 1476 1254 possit„

401 1273 471 1324 qui
502 1276 626 1324 queat
653 1272 826 1315 aestivis
863 1273 993 1315 solem
1022 1272 1241 1316 detrudere
1281 1272 1414 1324 signis

398 1345 598 1387 brumalis
628 1355 762 1397 usque
797 1344 850 1386 ad
879 1347 1010 1387 nexus
1048 1347 1311 1398 gelidumque
1348 1346 1562 1399 rigorem,

403 1420 446 1458 et
474 1417 545 1468 qui
578 1418 723 1458 reiciat
757 1418 903 1467 gelidis
932 1428 956 1458 a
985 1419 1158 1468 frigoris
1187 1418 1344 1460 umbris

405 1489 633 1530 aestiveras
660 1499 792 1540 usque
817 1489 862 1530 in
890 1490 1019 1541 partis
1049 1493 1092 1530 et
1118 1490 1277 1532 fervida
1306 1490 1441 1541 signa.

343 1615 435 1660 Jam
461 1615 676 1658 veniamus
706 1616 756 1657 ad
784 1626 902 1670 rem,
945 1618 1065 1668 cujus
1096 1627 1220 1658 causa
1259 1616 1361 1658 haee
1389 1616 1679 1659 commentatio
1708 1616 1863 1667 scripta

233 1693 313 1732 est.
373 1688 462 1731 Vos
494 1689 621 1744 enim,
667 1687 941 1731 CURATOR
981 1687 1482 1743 SPLENDIDISSIME,
1520 1686 1865 1731 PRORECTOR

230 1759 569 1805 ACADEMIAE
618 1759 967 1815 MAGNIFICE,
1035 1758 1250 1803 DECANl
1310 1758 1543 1805 OMNIUM
1593 1759 1861 1804 ORDINUM

230 1832 465 1877 MAXIME
506 1830 889 1876 SPECTABILES
907 1860 922 1888 ,
970 1829 1371 1875 PROFESSORES
1417 1831 1863 1889 ILLUSTRISSIMI,

231 1904 533 1948 DOCTORES
570 1903 929 1959 CLARISSIMI,
986 1902 1419 1947 COMMILITONES
1460 1903 1863 1960 HUMANISSIMI,

233 1981 285 2021 ad
314 1979 556 2021 audiendam
583 1978 830 2032 orationem,
859 1986 940 2029 qua
973 1986 1123 2018 munus
1154 1977 1402 2028 professoris
1441 1979 1640 2021 ordinarii
1679 1979 1865 2031 auspica-

231 2053 317 2095 turi
344 2061 506 2108 summ,
546 2051 658 2094 omni
687 2061 768 2104 qua
793 2060 870 2104 par
899 2053 963 2092 est
992 2050 1255 2093 observantIa
1290 2050 1529 2094 invitamus,
