2043 3431
888 177 1167 221 -9-

334 290 544 345 sphaerae
570 292 793 334 stelliferae
820 292 909 334 sive
947 293 1025 334 τοῦ
1051 290 1237 347 οὐρανοῦ
1263 292 1294 333 i.
1326 301 1365 333 e.
1397 290 1642 332 firmamenti
1670 299 1842 330 conver-

220 365 338 406 sione
371 367 506 407 oritur
531 366 611 406 diei
645 367 859 418 noctisque
896 364 1136 408 vicissitudo
1165 369 1208 407 et
1235 364 1404 416 quaevis
1444 363 1617 407 mutatio
1649 365 1840 417 naturae,

220 448 325 490 quae
361 440 412 479 ab
451 438 527 479 hac
562 440 724 490 pendet.
782 437 885 481 Eam
924 439 1054 490 igitur
1089 447 1321 480 mensorem
1368 440 1409 478 et
1445 439 1763 488 gubernatorem
1800 438 1842 476 et

219 514 414 563 tanquam
443 512 596 553 sontem
636 515 678 554 et
714 513 915 562 originem
955 513 1136 553 omnium
1173 514 1358 552 motuum
1388 511 1625 552 coelestium
1654 509 1842 550 conside-

219 595 315 626 rare
344 584 468 639 licet,
507 595 587 637 qua
625 589 792 637 propter
830 586 954 627 etiam
983 586 1162 627 seriores
1190 583 1432 626 Astronomi
1466 588 1509 625 et
1535 582 1751 632 Astrologi
1789 581 1840 622 il-

217 656 300 697 iam
339 656 552 707 sphaeram
594 657 781 701 Primum
824 657 976 700 mobile
1012 658 1290 699 nominabant.
1349 656 1459 697 Haec
1496 661 1561 698 est
1601 666 1724 697 causa
1764 665 1841 696 cur

216 729 323 771 hanc
358 731 572 782 sphaeram
597 729 862 775 Parmenides
902 730 1040 774 sedem
1077 730 1204 773 divini
1233 729 1413 773 numinis
1441 729 1609 785 hahuit,
1650 730 1768 781 cujus
1798 727 1839 770 vi

217 804 259 843 et
288 803 563 846 moderamine
591 806 765 848 mundus
792 808 964 856 regatur
993 808 1034 846 et
1060 805 1300 846 universum
1329 804 1603 845 contineatur.

326 915 590 960 Planetarum
632 928 759 961 unum
796 921 954 961 tantum
994 918 1109 960 novit
1149 927 1293 970 nempe
1333 916 1565 972 Venerem,
1611 915 1758 967 reliqui
1798 915 1838 955 ei

215 989 348 1039 ignoti
379 993 488 1030 sunt.
549 988 686 1040 Igitur
724 994 879 1042 septem
909 991 1173 1041 sphaerarum
1215 990 1400 1043 coelum,
1442 990 1550 1040 quod
1579 987 1739 1040 κόσμον
1766 998 1840 1027 vo·

214 1066 308 1103 cant
332 1061 614 1117 Pythagorei,
654 1065 720 1104 hic
758 1065 878 1115 plane
909 1075 992 1105 non
1024 1064 1247 1105 invenitur.
1310 1062 1463 1105 Orbem
1492 1062 1674 1105 lacteum
1701 1061 1838 1101 autem

213 1135 318 1186 apud
346 1132 630 1177 Parmenidem
659 1136 760 1178 nihil
785 1136 895 1178 aliud
926 1146 1016 1177 esse
1045 1136 1125 1178 nisi
1156 1136 1288 1189 ipsum
1321 1135 1479 1178 coelum
1505 1134 1712 1177 stellatum
1741 1132 1771 1174 i.
1796 1142 1833 1173 c.

211 1205 287 1248 τόν
317 1204 502 1263 οὐρανόν
529 1208 715 1250 videmus
745 1218 798 1249 cx
824 1208 925 1260 ipsis
955 1210 1144 1250 versibus
1172 1208 1421 1250 139—142:

703 1340 797 1387 πῶς
826 1343 926 1391 γαῖα
954 1339 1026 1381 καὶ
1052 1336 1167 1394 ἤλιος
1194 1336 1270 1393 ἠδὲ
1306 1336 1454 1394 σελήνη

380 1408 515 1464 αἰθήρ
543 1425 588 1451 τε
614 1409 738 1461 ξυνός
766 1409 876 1463 γάλα
903 1408 940 1453 τ’
976 1409 1176 1467 οὐράνιον
1213 1414 1286 1452 καὶ
1320 1409 1510 1463 ὄλυμπος

378 1482 555 1535 ἔσχατος
582 1480 648 1537 ἥδ’
676 1481 848 1539 ἄστρων
875 1483 1039 1540 θερμὸν
1074 1486 1203 1538 μένος
1230 1480 1496 1539 ὁρμήθησαν

376 1557 613 1608 γίγνεσθαί.

323 1684 401 1726 Hic
439 1685 644 1738 γαλαξίας
682 1685 856 1741 κύκλος,
924 1687 991 1729 via
1030 1687 1188 1743 lactea,
1254 1685 1453 1742 οὐράνιος
1497 1687 1671 1738 dicitur,
1740 1684 1836 1738 quia

209 1757 257 1800 ἐν
284 1759 345 1815 τῷ
374 1756 561 1813 οὐρανῷ,
589 1758 631 1799 in
658 1760 771 1800 coelo
799 1760 988 1815 stellato,
1032 1761 1168 1802 sedem
1195 1761 1333 1814 hahet,
1375 1763 1416 1801 et
1445 1761 1496 1801 ab
1527 1758 1730 1813 Olympo,
1766 1758 1836 1809 qui

210 1831 369 1872 coelum
396 1832 550 1885 cingit,
583 1831 862 1882 distinguitur.
921 1832 1079 1874 Aether
1104 1836 1241 1874 autem
1271 1834 1497 1875 communis
1528 1834 1703 1884 dicitur,
1739 1830 1835 1881 quia

210 1904 348 1944 omnia
382 1904 597 1955 superiora
639 1915 692 1944 ex
732 1914 781 1945 eo
822 1907 998 1947 conflata
1026 1909 1140 1947 sunt.
1199 1904 1312 1947 Idem
1341 1907 1462 1947 etiam
1490 1906 1754 1955 cognoscitur
1782 1914 1834 1943 ex

210 1975 377 2019 Stohaei
405 1978 544 2019 verbis
571 1988 613 2028 p.
636 1976 746 2020 574:
804 1977 1075 2034 Παρμενίδης
1104 1978 1153 2021 τὸ
1181 1980 1259 2021 τοῦ
1285 1980 1450 2022 πυκνοῦ
1475 1984 1548 2021 καὶ
1575 1978 1652 2021 τοῦ
1681 1974 1836 2032 α’ραιοῦ

207 2052 344 2104 μίγμα
385 2049 680 2103 γαλακτοειδὲς
716 2047 973 2093 ἀποτελέσαι
1006 2052 1166 2105 χρῶμα.
1222 2051 1413 2108 Etenim,
1453 2053 1489 2094 si
1526 2053 1594 2093 via
1621 2052 1751 2092 lactea
1781 2059 1835 2089 ex

207 2123 408 2164 mixtione
428 2123 587 2163 lucidae
607 2126 649 2163 et
667 2123 916 2173 caliginosae
936 2125 1024 2165 sive
1044 2135 1163 2166 rarae
1184 2129 1225 2166 et
1249 2126 1400 2166 densae
1430 2125 1614 2167 materiei
1642 2126 1733 2165 orta
1753 2125 1834 2175 est,

207 2196 347 2236 nonin
366 2196 564 2247 Aethere,
592 2195 664 2236 sed
685 2196 726 2235 in
754 2197 927 2237 confinio
955 2197 1169 2238 aethereae
1189 2201 1229 2238 et
1249 2201 1438 2239 terrenae
1459 2198 1642 2248 regionis
1664 2197 1695 2237 i.
1720 2206 1758 2236 e.
1791 2195 1835 2235 in

212 2267 325 2308 coelo
357 2267 519 2308 stellato
550 2267 630 2308 sita
660 2277 751 2308 esse
781 2268 914 2311 dehet.
976 2267 1053 2311 Cui
1091 2270 1320 2311 sententiae
1356 2272 1477 2311 etiam
1515 2271 1592 2311 hoc
1620 2271 1834 2309 consenta-

207 2350 331 2381 neum
360 2343 446 2393 est,
479 2340 587 2390 quod
618 2337 820 2381 Stobaeus
848 2353 887 2392 p.
921 2342 1006 2384 532
1031 2344 1182 2384 refert:
1217 2343 1485 2398 Παρμενίδης
1512 2342 1589 2384 τὸν
1617 2342 1737 2397 ἥλιον
1762 2345 1835 2381 καὶ

204 2411 283 2468 τήν
320 2411 503 2468 σελὴμην
541 2410 587 2453 ἐκ
626 2413 706 2453 τοῦ
732 2413 935 2466 γαλαξίου
973 2413 1124 2458 κύκλου
1163 2412 1482 2471 ἀποκριθῆναι,
1518 2413 1594 2456 τὸν
1626 2416 1708 2468 μὲν
1746 2411 1835 2454 α’πό

204 2486 282 2526 τοῦ
319 2482 570 2540 α’ραιοτέρου
610 2487 846 2540 μίγματος,
887 2488 911 2528 ὃ
950 2487 1002 2542 δὴ
1027 2488 1217 2543 θερμὸν,
1254 2488 1331 2530 τὸν
1374 2488 1422 2530 δὲ
1452 2486 1540 2529 α’πὸ
1567 2487 1645 2529 τοῦ
1670 2502 1833 2529 πυκνο-

206 2560 353 2613 τέρου,
392 2556 498 2612 ὅπερ
527 2557 706 2613 ψυχρόν.
766 2558 903 2613 Quum
934 2563 1040 2603 enim
1070 2560 1208 2603 Solem
1248 2572 1397 2615 supra,
1438 2559 1598 2601 Lunam
1627 2560 1735 2601 infra
1768 2569 1833 2600 or·

204 2632 295 2672 hem
326 2630 501 2671 lacteum
532 2631 621 2672 sive
649 2632 806 2672 coelum
842 2634 1051 2684 posuisset
1089 2632 1381 2687 Parmenides,
1431 2635 1601 2686 putabat
1629 2634 1752 2675 ctiam
1781 2643 1832 2672 ex

204 2704 294 2754 ipso
323 2703 394 2743 illo
424 2704 523 2743 orbe
563 2705 800 2746 excrevisse
827 2703 965 2747 Solem
1007 2709 1047 2747 et
1076 2693 1420 2762 Lunam,'illum
1460 2708 1629 2760 puriore
1666 2710 1710 2748 et
1737 2706 1832 2747 cali·

203 2776 344 2831 dicre,
373 2776 478 2819 hanc
506 2775 720 2828 frigidiore
749 2780 792 2819 et
816 2779 1018 2822 crassiore
1046 2782 1197 2822 natura
1227 2780 1471 2833 praeditam.
