2043 3431
859 203 1168 247 -12-

197 317 319 367 cujus
348 316 421 357 lux
449 317 493 358 in
519 316 611 357 roco
650 315 721 357 illo
761 315 866 357 coeli
901 316 928 356 i.
974 325 1014 356 e.
1052 316 1131 358 τοῦ
1168 314 1354 371 οὐρανοῦ
1392 317 1434 357 in
1465 326 1591 358 unum
1619 316 1829 356 concurrit

195 389 245 428 ad
285 389 542 438 splendorem
581 389 683 429 solis
699 389 755 438 ³¹²).
836 388 1024 442 Quocum
1062 389 1281 442 convenit,
1351 388 1460 438 quod
1499 389 1673 438 legimus
1722 388 1827 437 apud

195 459 459 503 Plutarchum
486 461 514 503 l.
545 472 609 503 c.:
671 460 694 505 ὁ
721 461 770 504 δὲ
797 461 917 515 ἥλιος
942 460 1021 517 τήν
1049 460 1182 518 φύσιν
1220 457 1295 504 οὐκ
1332 461 1422 504 ἔστι
1454 463 1566 517 πῦρ,
1607 458 1715 503 ἀλλά
1751 460 1829 502 τοῦ

196 533 331 589 πυρός
373 530 712 589 ἀντανάκλασις,
777 531 906 589 ὁμοία
947 533 1000 588 τῇ
1039 531 1116 592 ἀφ’
1146 533 1303 584 ὕδατος
1340 536 1559 590 γινομένης
1618 536 1660 575 et
1698 531 1823 583 Pyth.

198 618 307 647 orac.
350 618 386 647 c.
429 606 513 648 12:
571 605 903 660 Ἐμπεδοκλέους
916 636 1014 648 .....
1055 607 1296 663 φάσκον-τος
1336 607 1415 649 τόν
1452 607 1572 662 ἥλιον
1613 610 1712 662 περὶ
1748 605 1828 657 γῆν

196 675 429 721 ἀνακλάσει
455 678 596 736 φωτὸς
627 677 830 735 οὐρανίου
858 678 1097 734 γενόμενον,
1128 677 1272 733 αὖθις,
1301 677 1563 734 »ἀνταυγεῖν
1589 675 1827 733 πρὸς’ολ.“

195 751 281 793 κτλ.
340 751 457 794 Unde
486 753 672 794 videmus
706 753 835 794 solem
862 763 942 794 non
983 762 1077 794 esse
1116 762 1265 804 corpus
1305 753 1501 808 igneum,
1532 753 1603 793 sed
1634 752 1735 793 oriri
1762 761 1827 793 re·

194 826 397 866 fractione
449 826 609 867 ardoris
657 827 766 867 circa
808 829 961 867 terram
994 827 1231 867 circumfusi
1284 829 1326 866 et
1363 830 1571 876 acceptam
1619 825 1751 866 lucem
1802 836 1828 866 a

196 899 311 938 coelo
342 900 497 949 speculi
527 899 660 939 instar
689 898 925 939 refundere.
985 896 1096 939 Solis
1128 903 1264 939 autem
1305 898 1498 949 splendor
1526 901 1639 938 certo
1666 900 1827 938 tantum

195 970 301 1010 coeli
340 971 430 1012 loco
470 971 666 1025 affulget,
707 982 756 1011 eo
803 981 977 1024 nempe,
1030 971 1100 1011 ubi
1138 971 1255 1011 focus
1293 971 1363 1011 ille
1400 971 1487 1011 sive
1526 970 1616 1010 lens
1646 970 1828 1010 caustica

194 1044 300 1085 coeli
330 1044 530 1095 sphaerae
558 1044 684 1085 infixa
712 1046 791 1085 est.
852 1043 967 1098 Quae
1002 1044 1132 1093 igitur
1170 1044 1343 1095 sphaera
1373 1042 1612 1093 crystallina
1640 1043 1736 1083 dum
1762 1052 1828 1084 re-

193 1116 378 1157 volvitur
414 1117 521 1156 circa
561 1120 714 1157 terram
751 1116 793 1156 in
835 1116 966 1156 medio
1018 1117 1167 1156 mundo
1213 1117 1492 1168 quiescentem
1538 1125 1679 1156 secum
1715 1115 1827 1155 vehit

195 1191 298 1231 solis
333 1190 488 1231 discum
527 1190 606 1231 sibi
644 1190 834 1244 infixum,
892 1199 972 1241 qua
1016 1191 1176 1232 ratione
1215 1191 1349 1232 oritur
1387 1190 1625 1231 vicissuudo
1666 1189 1746 1230 diei
1785 1192 1827 1229 et

197 1262 346 1305 noctis.

308 1408 469 1464 Quibus
500 1410 703 1461 expositis
742 1410 873 1451 lucem
912 1411 1035 1452 etiam
1079 1412 1227 1452 afferre
1256 1420 1476 1462 possumus
1506 1409 1734 1451 narrationi
1763 1409 1824 1449 illi

195 1483 443 1524 miraculosa
474 1482 523 1521 de
553 1481 824 1533 Empedocle:
882 1481 1164 1537 Ἐμπεδοκλῆς
1201 1482 1278 1525 δύο
1319 1481 1479 1537 ἡλίους,
1516 1481 1593 1524 τὸν
1622 1484 1704 1533 μὲν
1742 1479 1825 1535 ἀρ-

199 1558 257 1608 χέ
267 1571 291 1597 τ
305 1569 461 1608 υπον,
489 1557 577 1608 πῦρ
607 1554 654 1596 ἐν
681 1556 745 1607 τῷ
772 1554 899 1612 ἑτέρῳ
927 1554 1193 1611 ἡμισφαιρίῳ
1218 1557 1296 1597 τοῦ
1334 1555 1508 1609 κόσμου,
1551 1553 1825 1609 πεπληρωκὸς

194 1627 243 1670 τό
271 1625 567 1685 ἡμισφαίριον,
624 1624 693 1669 ἀεὶ
722 1626 976 1683 καταντικρῦ
1003 1629 1055 1688 τῇ
1094 1625 1324 1681 ἀνταυγείᾳ
1359 1626 1511 1670 ἑαυτοῦ
1548 1629 1824 1681 τεταγμένον·

194 1701 271 1744 τὸν
300 1701 348 1743 δὲ
377 1700 640 1757 φαινόμενον
669 1699 1014 1754 ἀνταύγειαν
1043 1701 1089 1743 ἕν
1121 1701 1183 1759 τῷ
1211 1699 1338 1758 ἑτέρῳ
1367 1698 1633 1759 ἡμισφαιρίῳ
1661 1701 1722 1756 τῷ
1749 1702 1826 1742 τοῦ

194 1773 320 1829 ἀέρος
348 1776 426 1815 τοῦ
463 1775 753 1828 θερμομιγοῦς
790 1773 1137 1830 πεπληρωμένῳ,
1175 1772 1265 1815 ἀπὸ
1292 1775 1566 1828 κυκλοτέρους
1591 1775 1666 1828 τῆς
1695 1771 1825 1828 αὕγῆς

192 1845 284 1891 κατ’
314 1846 551 1889 ἀνάκλασιν
579 1846 846 1902 ἐγγινομένης
885 1850 945 1895 εἰς
981 1845 1058 1889 τὸν
1097 1846 1217 1901 ἥλιον
1250 1846 1326 1889 τὸν
1364 1846 1692 1901 κρυσταλλοειδῆ
1730 1845 1826 1899 (τόν

194 1919 477 1977 φαινόμενον)
511 1920 923 1974 συμπεριελκομένην
960 1918 1009 1960 δὲ
1047 1920 1099 1971 τῇ
1137 1917 1299 1971 κινήσει
1335 1921 1411 1960 τοῦ
1447 1921 1640 1972 πυρίνου.
1682 1918 1738 1968 ὦς
1776 1919 1824 1961 δὲ

194 1995 384 2048 βραχέως
413 1992 614 2047 εἰρῆσθαι
645 1990 930 2045 συντεμόντα,
958 1989 1215 2043 ἀνταύγειαν
1244 1987 1355 2032 εἶναι
1392 1993 1469 2032 τοῦ
1502 1996 1602 2045 περὶ
1638 1992 1718 2047 τῆν
1746 1993 1826 2044 γῆν

194 2064 331 2118 πυρὸς
358 2064 435 2106 τὸν
463 2064 584 2118 ἥλιον
610 2063 691 2118 **).
749 2063 939 2115 Plerique
977 2066 1020 2105 in
1057 2065 1134 2104 hoc
1163 2064 1408 2114 primigenio
1439 2064 1527 2104 sole
1566 2063 1822 2115 Empedoclis

193 2136 362 2179 Vestam
393 2147 467 2178 seu
495 2135 612 2179 Jovis
641 2138 897 2193 custodiam,
933 2147 1051 2188 quam
1080 2135 1288 2177 Philolaus
1316 2136 1357 2176 in
1388 2137 1519 2177 medio
1549 2138 1699 2178 mundo
1730 2148 1823 2178 esse

194 2211 355 2266 statuit,
388 2220 558 2251 cernere
588 2211 812 2264 voluerunt
839 2210 992 2261 pariter
1020 2221 1067 2250 ac
1102 2210 1144 2250 in
1185 2209 1252 2249 illa
1291 2208 1412 2263 sede,
1455 2219 1576 2261 quam
1613 2208 1824 2251 Parmeni-

195 2285 266 2323 des
296 2284 481 2332 assignat
511 2282 699 2338 Nummi,
733 2286 841 2334 quod
864 2287 983 2324 vocat
1000 2281 1301 2324 Necessitatem
1323 2286 1364 2323 et
1381 2282 1606 2325 Justitiam.
1655 2282 1824 2325 Utrum-

194 2366 273 2407 que
311 2356 471 2397 ialsum.
534 2356 651 2412 ἥλιος
690 2354 926 2411 ἀρχέτυπος
965 2367 1047 2398 non
1086 2358 1150 2397 est
1187 2365 1335 2406 corpus
1392 2357 1591 2407 quoddam
1628 2357 1821 2409 coeleste,

193 2429 264 2469 sed
294 2427 343 2470 τό
371 2431 452 2483 πῦρ
485 2433 586 2482 περὶ
625 2431 704 2483 τῆν
740 2429 820 2481 γῆν
859 2429 889 2469 i.
919 2439 955 2471 e.
1001 2429 1112 2469 orbis
1140 2429 1305 2479 igneus,
1336 2429 1405 2479 qui
1435 2431 1574 2471 orbem
1603 2429 1715 2470 ae‘ris
1745 2430 1823 2470 cir-

195 2549 279 2556 —.-—-

283 2614 319 2657 *)
348 2611 521 2657 ἀνταυγεῖ
539 2615 595 2649 hic
618 2614 781 2650 similiter
806 2613 931 2648 dictum
956 2616 993 2649 ut
1024 2625 1073 2648 vs.
1103 2611 1170 2648 195
1203 2613 1245 2649 de
1275 2614 1356 2650 luna
1392 2614 1500 2650 solem
1535 2616 1691 2650 intuente
1729 2618 1823 2650 recte

190 2677 324 2711 monuit
344 2678 413 2720 jam
437 2678 587 2711 Karsten
609 2676 811 2722 Empedocl.
837 2677 953 2720 Reliq.
981 2688 1016 2722 p.
1049 2675 1127 2710 219.

280 2736 339 2781 **)
367 2737 461 2773 Stob.
484 2737 559 2773 Ecl.
576 2739 674 2784 phys.
698 2737 725 2782 1,
749 2736 805 2773 26.
829 2748 864 2783 p.
891 2734 966 2771 530.
1014 2736 1106 2772 Plut.
1136 2736 1177 2773 de
1201 2738 1294 2774 Plac.
1320 2739 1403 2785 phil.
1428 2739 1473 2783 ΙΙ,
1496 2737 1551 2774 20.
1598 2737 1684 2774 Eus.
1718 2738 1823 2783 Prop.

190 2801 255 2835 Eu.
277 2800 347 2841 XV,
372 2798 426 2832 23.
450 2810 484 2843 p.
507 2798 585 2835 836.
634 2799 755 2833 Galen.
782 2800 873 2834 nist.
897 2800 980 2844 phil.
1006 2799 1090 2842 xlv,
1113 2810 1147 2844 p.
1175 2799 1231 2833 37.
