2043 3431
880 169 1191 213 ...10-

329 283 398 326 Ex
432 284 509 325 hac
545 283 818 335 explicatione
859 282 1115 328 Parmenidis
1165 284 1408 336 piacItorum
1452 284 1503 326 de
1540 286 1665 327 rebus
1701 286 1844 337 physi-

216 358 277 401 cis
306 358 426 400 facile
456 357 577 399 etiam
605 356 647 398 id
675 356 940 411 intelligitur,
978 357 1181 408 quomodo
1219 357 1300 399 duo
1337 357 1418 399 loci
1448 358 1613 401 obscuri
1640 358 1844 410 interpre-

215 432 329 474 tandi
358 431 458 473 sint.
524 429 646 471 Alter
681 433 746 471 est
784 427 951 471 Stobaei
991 427 1055 486 (I,
1094 430 1162 474 24.
1203 440 1246 483 1).
1288 429 1418 485 500):
1458 428 1729 487 Ἀναξιμένης
1769 435 1844 473 καὶ

215 503 488 559 Παρμενίδης
523 502 602 557 τήν
639 502 882 559 περιφορὰν
909 501 987 557 τήν
1014 502 1208 553 ἐξωτάτω
1235 503 1311 557 τῆς
1339 504 1413 557 γῆς
1438 500 1552 544 εἶναι
1579 504 1655 546 τὸν
1684 502 1775 560 οὕρ
1787 519 1843 544 α-

215 592 308 621 νον
337 578 378 619 h.
413 587 452 618 e.
484 585 688 618 summum
718 577 858 617 orbem
895 576 982 618 sive
1014 576 1257 631 circuitum,
1298 586 1381 617 non
1408 577 1535 618 totius
1565 577 1748 619 universi
1777 576 1844 619 vel

215 650 381 706 mundi,
440 649 511 691 sed
546 652 738 691 terrenae
775 649 958 700 regionis
995 648 1039 690 in
1079 648 1228 690 mundo
1268 656 1360 689 esse
1396 649 1547 691 coelum
1583 650 1841 692 stelliferum.

213 724 334 766 Alter
362 727 426 764 est
456 720 671 764 Ciceronis
701 723 750 762 de
778 726 927 763 natura
957 722 1149 763 decorum
1178 719 1216 775 Ι,
1259 720 1339 762 11;
1408 719 1708 776 „Parmenides
1735 734 1845 764 com-

213 797 447 838 mentitium
498 795 686 846 quiddam
736 805 915 836 coronae
954 795 1086 836 simile
1139 793 1288 848 efficit,
1384 792 1600 850 στεφάνην
1651 795 1842 850 appellat,

214 870 452 910 continente
491 868 638 909 ardore
677 867 790 913 lucis,
820 868 987 921 orbem,
1038 867 1107 918 qui
1142 867 1270 917 cingit
1299 867 1483 922 coelum,
1516 878 1636 918 quem
1670 868 1845 919 appellat

213 939 404 983 Deum.“
479 938 576 981 Non
618 940 853 989 cingentem
890 941 1045 993 orbem,
1085 939 1158 981 sed
1192 939 1379 993 coelum,
1435 939 1541 990 quod
1583 939 1765 989 cingitur
1793 941 1844 980 ab

215 1016 315 1055 orbe
343 1013 580 1054 continente
609 997 758 1053 ardore
784 1013 889 1052 lucis
925 1012 1099 1062 appellat
1137 1012 1272 1052 deum.
1342 1009 1513 1052 Coelum
1552 1014 1689 1052 autem
1735 1011 1845 1062 quod

216 1085 395 1137 appellat
423 1083 573 1140 Deum,
610 1087 673 1125 est
703 1079 884 1138 οὐρανός
919 1086 960 1124 et
1000 1084 1112 1125 orbis
1152 1084 1388 1125 continente
1425 1084 1573 1125 ardore
1610 1083 1731 1138 lucis,
1773 1084 1844 1134 qui

213 1159 330 1199 illum
366 1157 519 1211 cingit,
572 1158 637 1197 est
668 1153 883 1208 Ὄλυμπος
917 1157 946 1197 i.
989 1166 1028 1197 e.
1067 1156 1248 1198 aetheria
1285 1156 1402 1207 regio
1440 1155 1580 1197 muudi
1620 1155 1688 1197 vel
1729 1155 1842 1197 orbis

215 1230 440 1271 aetherius.

328 1374 451 1429 Quod
498 1373 578 1416 Vir
617 1371 793 1415 Clariss.
842 1371 1020 1415 Karsten
1060 1373 1343 1416 Parmenidem
1381 1375 1430 1416 de
1466 1376 1675 1416 structura
1703 1373 1843 1415 mundi

216 1448 413 1491 statuisse
438 1447 577 1489 docuit
607 1447 813 1488 refutatur
850 1446 925 1488 hac
963 1447 1052 1498 ipsa
1098 1447 1373 1489 declaratione
1413 1445 1705 1489 Parmenidcae
1742 1446 1844 1488 ima-

218 1522 330 1570 ginis
361 1519 514 1560 mundi.
585 1517 634 1559 In
671 1520 803 1559 tribus
842 1522 976 1560 autem
1020 1521 1198 1560 maxime
1237 1521 1391 1560 erravit
1419 1520 1485 1560 vir
1524 1520 1685 1559 doctus.
1752 1517 1844 1559 Pri-

215 1604 353 1647 mum,
396 1592 501 1643 quod
537 1594 656 1643 putat
690 1590 768 1633 τὸν
804 1589 987 1645 οὐρανόν
1027 1592 1057 1633 i.
1097 1602 1134 1633 e.
1173 1593 1312 1633 orbem
1343 1592 1551 1634 stellarum
1581 1602 1674 1633 esse
1707 1594 1844 1632 extre-

215 1676 321 1706 mam
358 1665 495 1706 mundi
534 1674 674 1719 oram,
721 1674 915 1705 coronam
950 1674 1207 1719 supremam,
1257 1673 1361 1715 quae
1388 1664 1495 1705 muri
1524 1664 1658 1705 instar
1687 1664 1771 1704 fixa
1802 1666 1844 1703 et

216 1739 346 1779 solida
374 1738 554 1788 reliquas
584 1747 727 1777 omnes
768 1737 990 1778 contineat.
1051 1734 1278 1778 Coniundit
1308 1737 1437 1786 igitur
1458 1735 1676 1789 Ὄλυμπον
1713 1736 1843 1787 ἔσχα-

213 1825 291 1852 τον
329 1813 370 1851 et
407 1805 591 1864 οὐρανόν
630 1807 769 1866 ‹impig-
808 1809 983 1864 ἔχοντα,
1040 1810 1198 1850 coelum
1228 1810 1450 1865 stellatum,
1503 1810 1571 1861 qui
1611 1812 1677 1850 est
1712 1809 1843 1850 media

214 1884 325 1924 inter
365 1884 515 1924 mixtas
555 1893 725 1923 corona.
801 1880 983 1937 Deinde,
1022 1883 1128 1933 quod
1180 1883 1337 1923 coelum
1379 1885 1534 1933 septem
1577 1883 1843 1934 sphaerarum

215 1956 442 2005 interponit
479 1955 591 1995 inter
629 1957 784 1996 terram
832 1957 873 1995 et
911 1955 1020 1995 illam
1071 1964 1299 2005 supremam
1351 1965 1557 1996 coronam.
1636 1953 1841 2008 Denique,

216 2027 324 2077 quod
347 2029 463 2078 putat
501 2027 642 2067 orbem
679 2026 856 2066 lacteum
896 2027 946 2066 ab
982 2026 1081 2066 orbe
1121 2026 1295 2066 fixarum
1335 2026 1401 2066 vel
1431 2026 1596 2066 omnino
1631 2026 1842 2067 stellarum

216 2100 423 2139 diversum
485 2108 593 2140 esse.
693 2097 807 2139 Haec
855 2098 990 2139 omnia
1039 2109 1065 2138 a
1112 2095 1366 2138 Parmenidis
1418 2098 1623 2139 sententia
1669 2108 1841 2150 prorsus

215 2172 349 2213 aliena
392 2174 504 2213 sunt.

325 2316 469 2359 Mundi
497 2320 725 2373 structura,
758 2328 878 2370 quam
907 2315 1173 2370 Empedocles
1214 2318 1292 2359 sibi
1322 2318 1458 2372 finxit,
1490 2318 1579 2359 i'ere
1608 2317 1749 2359 eadem
1778 2320 1843 2357 est

216 2404 263 2433 ac
296 2390 565 2433 Parmenidis.
634 2390 743 2432 Eum
783 2400 945 2441 quoque
980 2392 1022 2432 in
1062 2392 1238 2432 medium
1268 2392 1408 2431 mundi
1440 2394 1626 2431 centrum
1652 2390 1841 2441 posuisse

214 2468 366 2505 terram
413 2465 693 2516 quiescentem
734 2463 1000 2513 cognoscitur
1036 2473 1089 2504 ex
1130 2463 1369 2505 Aristotelis
1408 2464 1457 2504 de
1499 2460 1627 2504 Coelo
1675 2460 1733 2517 II,
1788 2461 1842 2504 13

213 2537 377 2578 verbis:
436 2536 502 2579 ὅτι
542 2537 591 2579 δὲ
628 2538 747 2590 μένει
785 2532 833 2590 (ἦ
872 2536 969 2590 γῆ),
1013 2536 1184 2591 ζητοῦσι
1221 2535 1300 2591 τήν
1340 2537 1486 2578 αἰτίαν
1524 2538 1599 2576 καὶ
1633 2534 1842 2588 λέγουσιν,

216 2607 355 2662 ὥσπερ
386 2610 702 2663 Ἐμπεδοκλῆς,
749 2607 825 2663 τήν
862 2609 941 2650 τοῦ
979 2607 1165 2663 οὐρανοῦ
1200 2608 1343 2664 φοροὶν
1368 2607 1505 2664 κύκλῳ
1546 2610 1842 2663 περιθέουσαν

214 2687 288 2724 καὶ
314 2683 482 2725 θᾶττον
509 2685 763 2739 φερομένην,
791 2680 870 2736 τήν
896 2681 970 2737 τῆς
994 2681 1071 2735 γῆς
1099 2679 1243 2738 φοράν
1263 2679 1450 2734 κωλύειν,
1478 2678 1681 2734 καθάπερ
1709 2677 1760 2720 τὸ
1796 2677 1843 2720 ἐν

213 2764 302 2806 τοῖς
339 2754 521 2806 κυάθοις
547 2755 674 2813 ὕδωρ.
741 2756 816 2799 καὶ
851 2753 932 2811 γάρ
968 2756 1119 2810 τοῦτο,
1156 2754 1294 2799 κύκλω
1333 2755 1411 2798 τοῦ
1438 2752 1609 2798 κυάθου
1649 2754 1829 2810 φερομέ-
