2043 3431
861 201 1167 244 ..11-

197 330 290 371 νου,
317 315 523 364 πολλάκις
561 313 677 357 κάτω
712 315 790 357 τοῦ
825 316 984 368 χαλκοῦ
1011 313 1232 369 γινόμενον
1260 314 1375 368 ὅμως
1413 314 1464 358 οὐ
1492 316 1667 372 φέρεται
1694 315 1826 371 κάτω,

195 388 386 445 πεφυκὸς
414 389 645 445 φέρεσθαι,
683 387 758 429 διοὶ
794 387 874 443 τήν
917 385 1052 443 αὐτὴν
1089 391 1248 430 adrian.
1315 386 1425 429 Idem
1454 392 1633 431 testatur
1662 386 1826 441 Simpli-

195 461 283 504 cius
312 460 365 504 ad
392 459 631 503 Aristotelis
660 461 709 502 de
738 457 866 503 Coelo
894 457 953 516 II,
986 459 1053 502 13.
1123 457 1253 502 Porro
1281 457 1523 502 Plutarchus
1561 459 1669 514 apud
1694 460 1827 504 Euse-

197 536 310 576 bium
372 532 430 588 (Ι,
470 532 515 589 8,
557 534 629 584 10)
688 533 963 585 Empedoclis,
1004 534 1153 584 placita
1197 533 1384 573 reserens
1432 534 1554 575 dicit:
1630 531 1741 575 εἶναι
1778 534 1828 576 δὲ

194 604 332 650 κύκλω
367 611 468 661 περὶ
505 607 587 660 τῆν
612 608 689 661 γῆν
724 605 940 664 φερόμενα
979 605 1055 648 δύο
1092 602 1377 661 ἧμισφαίρια,
1429 604 1478 648 τὸ
1515 608 1596 660 μὲν
1633 606 1827 650 καθόλου

193 677 351 736 πυρός,
379 678 428 721 τὸ
454 678 503 721 δὲ
529 678 681 734 μικτόν
708 679 753 732 ἒξ
779 677 906 736 οἷὲρος
943 682 1018 720 καὶ
1058 676 1201 732 ὀλίγου
1238 677 1389 734 πυρὸς,
1434 678 1538 734 ὅπερ
1578 680 1717 729 οἴετας
1745 681 1828 732 τῆν

192 751 327 795 νύκτα
355 749 476 794 εἶναι.
555 752 634 794 Hic
671 753 870 794 vocabulo
909 749 1190 807 ἡμισφαίριον
1229 762 1312 792 non
1349 752 1500 792 usitato
1537 763 1665 793 sensu
1703 764 1827 795 usum

194 825 327 866 fuisse
357 827 568 866 auctorem
592 827 680 875 jam
710 824 806 865 inde
835 827 1020 876 apparet,
1052 824 1157 874 quod
1186 824 1235 863 de
1264 834 1313 864 eo
1344 824 1457 878 dicit,
1502 825 1544 866 in
1571 827 1713 866 orbem
1740 837 1828 867 mo-

195 898 286 938 veri
315 898 423 939 circa
453 901 622 939 terram.
682 895 820 946 Igitur
847 897 928 937 duo
958 896 1027 937 iila
1064 896 1363 946 hemisphaeria
1400 899 1499 937 sunt
1538 897 1644 938 duae
1681 899 1828 950 sphae-

194 979 267 1011 rae
294 971 578 1011 concentricae
608 970 697 1010 sive
726 968 1080 1022 homocentricae‚
1121 978 1175 1008 ex
1208 977 1382 1019 quarum
1413 970 1685 1010 conversione
1718 970 1828 1011 circa

192 1045 346 1083 terram
393 1042 717 1082 vicissitudinem
769 1041 848 1080 diei
894 1044 936 1080 et
988 1041 1119 1081 noctis
1167 1041 1267 1081 oriri
1325 1042 1485 1091 putavit
1539 1040 1823 1093 Empedocles.

195 1113 300 1168 Quis
330 1114 372 1155 in
404 1114 469 1155 his
499 1125 581 1154 non
613 1116 887 1163 recognoscet
914 1113 1052 1153 ambas
1082 1113 1172 1154 illas
1203 1124 1377 1155 coronas
1406 1111 1689 1170 Parmenidis,
1726 1125 1828 1166 qua-

194 1195 285 1227 rum
325 1186 455 1227 altera
499 1188 563 1226 est
598 1186 734 1226 lucida
772 1188 814 1225 et
851 1185 1004 1238 ignea,
1046 1185 1180 1226 altera
1214 1188 1351 1225 autem
1386 1187 1642 1235 caliginosa?
1714 1186 1829 1241 Quo-

194 1257 315 1298 modo
361 1261 500 1298 autem
538 1268 592 1297 ex
629 1258 793 1297 illarum
830 1258 1087 1298 revolutione
1131 1258 1239 1298 circa
1275 1260 1427 1298 terram
1477 1259 1556 1298 diei
1608 1260 1826 1310 noctisque

194 1331 434 1371 vicissitudo
466 1331 567 1372 oriri
600 1332 766 1381 potest?
822 1328 870 1371 Id
899 1331 1124 1384 apparebit,
1164 1331 1200 1370 si
1236 1331 1355 1371 modo
1394 1332 1681 1386 recordemur,
1726 1332 1824 1383 quid

195 1402 244 1442 de
275 1405 425 1443 natura
457 1403 557 1443 solis
584 1406 626 1443 et
655 1403 760 1443 coeli
789 1402 990 1455 placuerit
1017 1400 1270 1453 Empedocli.
1339 1401 1402 1444 De
1439 1403 1539 1444 solis
1576 1407 1715 1444 autem
1753 1415 1828 1445 na·

194 1476 288 1516 tura
315 1474 435 1526 plane
474 1475 595 1517 aliter
629 1475 756 1517 sentit
801 1486 849 1517 ac
888 1472 1169 1517 Parmenides.
1236 1472 1314 1516 Est
1354 1474 1463 1517 enim
1499 1475 1539 1517 ei
1569 1486 1652 1518 non
1681 1476 1827 1527 singu-

198 1547 286 1587 lare
313 1557 462 1598 corpus
493 1549 535 1588 in
566 1549 733 1589 aethere
762 1557 838 1588 seu
877 1550 975 1588 orbe
1014 1549 1139 1596 igneo
1179 1557 1224 1588 se
1252 1544 1447 1602 movens,
1487 1548 1558 1587 sed
1589 1549 1708 1599 quasi
1737 1549 1828 1589 lens

195 1620 378 1661 caustica
418 1621 460 1661 in
499 1621 588 1672 ipso
625 1622 739 1662 coelo
778 1621 1036 1672 crystallino.
1104 1616 1275 1661 Coelum
1305 1623 1442 1661 autem
1471 1621 1627 1671 pariter
1655 1632 1703 1661 ac
1728 1618 1830 1662 Par-

195 1691 378 1733 menides
418 1693 786 1735 confinium‘orbis
822 1693 935 1734 a‘e‘ris
973 1695 1014 1733 et
1052 1693 1163 1742 ignis
1204 1693 1362 1745 habuit,
1403 1693 1510 1745 quod
1538 1694 1827 1743 cognoscimus

194 1774 248 1804 ex
277 1762 387 1804 plac·
437 1763 494 1818 II,
536 1765 587 1806 11
627 1763 771 1816 (Stob.
807 1764 855 1820 Ι,
895 1764 1024 1816 500):
1100 1762 1378 1819 Ἐμπεδοκλῆς
1422 1767 1664 1819 στερέμνιον
1717 1762 1829 1807 εἶναι

194 1836 272 1879 τὸν
302 1835 487 1893 ου’ρανόν
514 1838 559 1889 ἐξ
588 1836 712 1894 α’έρος
755 1823 1049 1905 συμπαζέντος
1087 1834 1173 1879 ὑπὸ
1211 1836 1345 1892 πυρὸς
1385 1836 1742 1892 κρυσταλλοειδῶς
1777 1836 1828 1880 ’τὸ

194 1910 391 1964 πυρῶδες
417 1916 490 1952 καὶ
520 1907 700 1965 αἐρῶδες
728 1910 774 1952 ἐν
804 1910 987 1968 ἑκατέρῳ
1013 1912 1099 1952 τῶν
1127 1909 1417 1966 ἡμισφαιρίων
1443 1912 1696 1964 περιέχοντα
1724 1911 1754 1951 i.
1785 1922 1823 1952 e.

194 1983 353 2023 coelum
396 1984 684 2032 crystallinum
725 1983 833 2024 infra
870 1983 1010 2032 ignem
1047 1983 1207 2034 positus
1245 1984 1431 2033 sejungit
1469 1983 1681 2033 sphaeram
1716 1984 1827 2032 ignis

195 2055 246 2095 ah
276 2054 451 2105 sphaera
481 2055 608 2096 ae'ris.
678 2052 811 2096 Lente
849 2055 919 2095 illa
955 2055 1135 2096 caustica
1169 2054 1282 2094 coelo
1312 2054 1554 2105 crystallino
1581 2054 1731 2095 alicubi
1766 2055 1829 2095 in-

194 2126 273 2166 sita
302 2127 426 2167 ardor
458 2127 562 2167 lucis
592 2127 789 2178 sphaerae
818 2128 1044 2177 superioris
1074 2127 1283 2175 colligitur
1308 2126 1350 2166 in
1382 2135 1509 2166 unum
1538 2127 1692 2181 iocum,
1720 2128 1829 2166 unde

194 2199 330 2239 oritur
370 2199 528 2249 species
575 2200 677 2240 solis
721 2200 764 2240 in
800 2200 943 2254 coelo,
1016 2202 1264 2250 quapropter
1303 2197 1429 2248 Diog.
1478 2196 1617 2253 (VIII,
1657 2198 1734 2251 77)
1774 2210 1828 2240 ex

194 2271 400 2312 sententia
431 2269 686 2323 Empedoclis
723 2272 851 2313 solem
881 2271 1017 2327 πυρὸς
1046 2272 1271 2327 ἄθροισμα
1300 2274 1410 2325 μέγα
1449 2275 1582 2313 vocat.
1650 2270 1826 2314 Testan-

192 2347 263 2386 tur
288 2343 330 2386 id
359 2345 438 2397 ipsi
470 2354 617 2386 versus
646 2343 905 2397 Empedoclis
935 2344 1032 2388 186.
1066 2344 1171 2387 188:

351 2444 489 2494 ’Ἠλιος
518 2442 715 2500 ὄξυβελῆς
742 2441 806 2500 ἠδ’
831 2442 1062 2498 α’γλαΐεσσα
1102 2445 1266 2502 σελήνη.

359 2515 462 2559 Ἀλλ’
501 2515 524 2559 ὖ
562 2523 643 2570 μὲν
680 2514 877 2566 dicaam
917 2521 1052 2571 μέγαν
1094 2517 1279 2572 οὔρανον
1308 2517 1602 2573 α’μφιπολεὺει.

359 2588 578 2642 Ἀνταυγεῖ
601 2588 710 2644 πρὸς
730 2588 950 2643 Ὄλυμπον
985 2587 1264 2647 ἀταρβήτοισι
1286 2607 1394 2646 προς
1404 2590 1548 2640 ω’ποις.

303 2706 382 2749 Hic
410 2704 636 2759 Olympus,
688 2709 739 2750 ad
777 2718 898 2759 quem
930 2708 1111 2758 refulget
1149 2708 1213 2750 sol
1248 2707 1451 2759 intrepida
1489 2708 1651 2760 fronte,
1696 2708 1826 2749 mani·

192 2782 296 2824 leste
326 2784 391 2823 est
424 2777 626 2835 Olympus
661 2779 918 2825 Parmenidis
958 2791 1033 2825 seu
1063 2791 1217 2825 corona
1249 2781 1468 2837 superior,
1509 2781 1622 2824 orbis
1656 2781 1824 2836 igneus,
