2043 3431
896 227 1175 267 -4-

212 341 306 381 der
333 341 491 382 Alten
524 340 716 381 evincere
756 342 923 396 studui,
966 339 1220 384 Parmenidis
1261 347 1304 384 et
1327 341 1585 394 Empedoclis
1623 341 1771 393 placita
1800 343 1849 384 de

212 422 354 455 rerum
402 416 549 454 natura
586 423 610 453 a
651 411 1011 464 Pythagoreorum
1060 414 1396 466 philosophorum
1441 416 1626 456 doctrina
1678 425 1850 466 prorsus

212 487 348 529 aliena
378 496 496 541 esse,
534 485 644 537 quod
666 488 838 537 jamjam
871 486 1077 539 copiosius
1104 491 1146 529 et
1183 489 1302 530 novis
1331 489 1588 539 argumentis
1618 490 1849 529 monstrare

213 560 279 601 hic
307 561 503 600 conabor.

325 687 433 729 Tota
462 689 746 740 philosophiae
777 689 982 731 Eleaticae
1024 689 1182 730 indoles
1213 701 1237 730 a
1265 688 1545 740 Pythagorica
1576 691 1760 731 doctrina
1790 690 1849 730 ui-

212 770 335 802 versa
373 764 453 802 est.
513 760 770 812 Pythagorei
809 764 917 803 enim
956 762 1184 813 philosophi
1224 762 1441 804 veritatem
1481 764 1537 805 ita
1580 764 1847 816 quaerebant,

210 838 257 876 ut
296 845 364 876 res
403 835 615 875 naturales
655 835 939 877 mathematIce
968 836 995 875 i.
1030 845 1066 876 e.
1110 835 1292 876 numeris
1332 838 1373 876 et
1410 836 1555 885 figuris
1585 835 1848 885 geometricis

212 911 596 962 cognoscerentur,
638 912 889 960 quapropter
917 918 1053 949 veram
1081 909 1359 957 cognitionem
1388 919 1527 949 rerum
1554 910 1779 950 visibilium
1809 912 1850 948 et

212 983 464 1023 naturalium
497 983 575 1022 sibi
605 983 872 1032 arrogabant.
933 981 1100 1022 Eleatici
1130 985 1272 1023 eontra
1303 983 1382 1023 (luo
1413 986 1572 1033 ponunt
1600 983 1849 1031 cognitionis

212 1065 395 1106 genera:
459 1064 584 1095 unum
624 1055 847 1096 visibilium
900 1059 941 1096 et
989 1056 1264 1109 naturalium,
1314 1055 1490 1095 alterum
1529 1055 1849 1104 intelligibilium

212 1138 380 1180 rerum,
423 1138 598 1178 quorum
626 1129 799 1168 alterum
830 1130 1017 1181 quidem,
1052 1128 1101 1168 u>
1131 1127 1284 1182 νοητόν
1310 1128 1533 1169 veritatem
1563 1129 1721 1182 ipsam,
1749 1128 1849 1168 alte-

210 1210 305 1243 rum
334 1211 452 1254 vero,
483 1199 531 1241 τὸ
563 1198 789 1254 δοξαστὸν,
818 1204 977 1242 lanium
1004 1200 1207 1243 veritatis
1237 1199 1423 1257 speciem
1452 1200 1608 1242 scilicet
1630 1200 1850 1257 opiniones

211 1273 536 1325 comprehendit.
600 1272 731 1315 Siculi
771 1284 932 1314 omnem
972 1273 1250 1322 cognitionem
1289 1274 1506 1313 humanam
1545 1274 1588 1313 in
1630 1274 1729 1313 (luas
1758 1283 1850 1323 par-

210 1350 303 1400 ies,
340 1347 398 1387 iia
430 1347 553 1387 etiam
591 1346 788 1388 mundum
829 1346 1062 1387 sensibilem
1090 1347 1131 1386 in
1161 1347 1262 1386 (luas
1295 1346 1487 1394 regiones
1515 1346 1657 1386 dividit
1683 1345 1849 1387 Parme-

211 1420 359 1472 nides,
400 1420 573 1459 aiteram
603 1419 795 1473 igneam,
826 1420 994 1459 alteram
1020 1421 1258 1471 terrenam,
1291 1420 1401 1459 illam
1431 1419 1714 1469 superiorem,
1746 1419 1849 1459 hanc

211 1493 455 1534 interiorem
494 1494 635 1532 orbem
676 1502 770 1533 esse
806 1495 938 1532 ratus.
998 1490 1110 1532 Haec
1140 1491 1281 1532 mundi
1320 1491 1466 1531 divisio
1495 1491 1612 1543 plane
1641 1501 1721 1531 non
1751 1502 1847 1531 con-

212 1567 328 1615 gruit
367 1575 459 1606 cum
488 1563 711 1606 Philolaiea
750 1565 817 1605 illa
849 1565 1124 1614 tripartitione
1154 1565 1196 1605 in
1228 1568 1314 1604 tres
1353 1575 1477 1615 supra
1507 1564 1635 1604 dictas
1665 1565 1849 1605 universi

211 1640 372 1692 plagas.

326 1768 472 1809 Posuit
512 1767 621 1806 enim
651 1764 917 1806 Parmenides
958 1767 1036 1806 (luo
1074 1775 1214 1806 rerum
1257 1766 1504 1806 naturalium
1542 1767 1739 1817 principia
1770 1768 1849 1808 sibi

213 1843 450 1894 contraria,
496 1850 601 1891 quae
641 1839 769 1880 variis
810 1838 1042 1879 nominibus
1083 1839 1290 1879 celebrat:
1339 1837 1526 1880 calidum
1562 1842 1604 1880 et
1637 1836 1850 1895 frigidum

213 1916 303 1956 sive
330 1912 517 1955 lucidum
549 1915 590 1952 et
628 1924 827 1967 opacum,
869 1910 1005 1963 ignem
1034 1913 1076 1950 et
1107 1912 1282 1952 terram.
1343 1908 1390 1951 In
1418 1912 1597 1951 carmine
1626 1922 1702 1953 suo
1730 1916 1848 1954 ambo

212 1989 284 2029 illa
313 1986 512 2038 principia
552 1985 676 2024 etiam
715 1983 848 2025 lucem
886 1987 927 2022 et
964 1985 1123 2024 noctem
1156 1983 1334 2033 appellat
1353 1983 1413 2035 ³⁶).
1472 1980 1753 2026 Parmenidem
1784 1986 1848 2026 his

214 2058 557 2112 appellationibus
588 2068 669 2098 non
700 2056 865 2108 proprie
897 2058 1046 2097 terram
1077 2058 1117 2096 et
1147 2056 1313 2109 ignem,
1343 2056 1413 2096 sed
1445 2056 1668 2098 aetheriam
1698 2061 1739 2098 et
1767 2062 1850 2099 ter-

308 2275 345 2318 *)
378 2271 586 2308 Aristoteles
618 2271 720 2313 Phys.
755 2268 793 2312 i,
827 2270 857 2304 5.
907 2270 945 2304 T.
977 2270 1004 2305 i.
1038 2280 1074 2314 p.
1106 2269 1173 2304 257
1207 2270 1255 2304 G:
1303 2268 1535 2317 Παρμενίδης
1567 2272 1754 2318 θερμὸν
1788 2274 1849 2307 καὶ

213 2342 280 2379 ψυ
288 2334 410 2381 χρὸν
435 2332 552 2380 ἀρχὰς
575 2335 692 2375 ποιεῖ,
719 2332 836 2366 ταῦτα
863 2329 902 2365 ὁὲ
925 2330 1183 2378 προςαγορεύει
1206 2332 1279 2378 πῦρ
1306 2332 1368 2366 καὶ
1392 2333 1471 2378 γῆν.

308 2396 400 2430 Idem
426 2395 614 2439 Metaphys.
640 2394 668 2437 1,
692 2393 725 2427 5.
775 2393 813 2427 Τ.
840 2393 884 2428 li.
909 2404 942 2438 p.
968 2393 1034 2428 648
1056 2393 1108 2427 F:
1142 2391 1211 2427 δύο
1237 2393 1301 2432 τὰς
1327 2394 1444 2433 αἰτίας
1467 2394 1530 2429 καὶ
1554 2392 1624 2429 δύο
1647 2394 1712 2433 τὰς
1735 2394 1851 2441 α’ρχὰς

215 2459 344 2502 τίθησι
368 2483 375 2490 .
403 2481 430 2500 .,
455 2454 639 2502 θερμὸν
663 2455 727 2489 καὶ
750 2454 960 2501 ψυχρόν,
996 2452 1077 2488 οἷον
1100 2456 1191 2501 πῦρ
1217 2455 1279 2489 καὶ
1301 2456 1389 2499 γῆν
1411 2455 1547 2498 λέγων·
1571 2455 1717 2490 τούτων
1742 2455 1782 2490 ὁὲ
1805 2459 1848 2492 τὸ

213 2519 282 2565 μὲν
307 2518 401 2554 κατὰ
425 2517 491 2553 τὸν
516 2516 561 2553 ὂυ
587 2516 652 2562 (τὸ
677 2516 840 2563 θερμὸν)
865 2515 1007 2561 τάττει,
1030 2515 1192 2563 θάτερον
1218 2514 1257 2550 δὲ
1282 2515 1376 2551 κατὰ
1401 2515 1444 2551 τὸ
1468 2515 1520 2561 μὴ
1544 2515 1599 2551 ὄν.

308 2580 501 2627 Simplicius
527 2580 630 2624 Phys.
655 2579 679 2613 f.
705 2579 740 2616 6.
790 2579 818 2612 Β
844 2579 923 2613 dicit
948 2578 987 2613 de
1012 2578 1232 2614 Parmenide:
1268 2577 1307 2612 ἐν
1332 2580 1410 2617 τοῖς
1430 2578 1522 2625 πρὸς
1548 2577 1665 2624 δόξαν
1687 2581 1850 2627 principia

213 2643 375 2679 statuisse
396 2643 470 2688 πῦρ
495 2642 557 2676 καὶ
580 2642 669 2687 γῆν,
693 2641 838 2685 μᾶλλον
863 2638 903 2675 δὲ
927 2642 1007 2687 φαῖς
1030 2640 1094 2674 καὶ
1116 2639 1259 2679 σκότος.

307 2704 473 2740 Alexand.
501 2704 654 2749 Aphrod.
681 2702 767 2749 apud
793 2703 947 2750 Simplic.
975 2703 1077 2746 Phys.
1102 2702 1125 2737 f.
1150 2701 1170 2737 9
1195 2702 1248 2737 A:
1291 2700 1406 2749 ἀρχὰς
1431 2703 1507 2737 ταῖν
1531 2703 1738 2749 γευομένων
1761 2702 1849 2738 ὑπέ-

212 2771 304 2804 θετο
329 2768 403 2813 πῦρ
426 2766 488 2800 καὶ
511 2767 602 2811 γῆν,
634 2765 704 2810 τὴν
726 2766 794 2810 μὲν
818 2766 887 2811 γῆν
911 2764 960 2805 ὥς
981 2764 1077 2810 ὕλην
1099 2763 1309 2807 ὑποτιθεὶς,
1342 2764 1386 2799 τὸ
1422 2762 1462 2799 δὲ
1484 2766 1558 2812 πῦρ
1584 2764 1634 2804 «255
1656 2767 1851 2809 ποιητικὸν

214 2831 357 2866 αἴτιον·
383 2829 446 2864 καὶ
468 2826 665 2872 ὀνομάζει,
689 2828 803 2872 φησί,
829 2826 873 2861 ’τὸ
897 2826 963 2870 μὲν
986 2828 1060 2872 πῦρ
1085 2828 1157 2871 φῶ
1169 2839 1206 2868 ς,
1231 2826 1300 2870 τῆν
1328 2822 1366 2858 ὁὲ
1391 2827 1478 2871 γῆν
1503 2827 1689 2866 σκότος.
