2043 3431
297 1064 364 1106 Ex
405 1074 485 1116 quo
516 1062 752 1106 Boeckhius
793 1073 935 1106 veram
962 1062 1140 1103 indolem
1168 1064 1446 1105 astronomiae
1473 1061 1722 1106 Philolaicae
1746 1072 1820 1105 ex-

186 1137 356 1193 plicuit,
393 1136 754 1187 Pythagoreorum
790 1137 977 1177 doctrina
1010 1137 1059 1177 de
1098 1138 1239 1178 mundi
1277 1140 1489 1179 structura
1525 1148 1610 1179 non
1643 1137 1819 1189 amplius

186 1196 308 1252 dubia
343 1210 409 1251 vel
446 1210 639 1259 ambigua
678 1212 760 1250 est.
820 1206 1008 1264 Scimus,
1048 1206 1277 1250 Philolaum
1312 1210 1355 1249 in
1398 1209 1532 1251 medio
1567 1208 1721 1250 mundo
1747 1220 1820 1261 po-

186 1283 321 1323 suisse
349 1281 466 1323 Jovis
497 1280 725 1321 custodiam
761 1281 850 1321 sive
880 1279 1076 1334 Vestam,
1114 1281 1224 1321 circa
1253 1291 1375 1331 quam
1403 1285 1492 1322 tres
1520 1282 1707 1322 universi
1732 1282 1820 1332 pla-

185 1364 264 1403 gae
300 1355 410 1394 sint:
458 1353 534 1394 τὸν
563 1351 747 1407 οὐρανὸν
775 1363 851 1394 seu
875 1353 1088 1402 regionem
1115 1354 1404 1403 sublunarem,
1448 1352 1525 1395 τὸν
1552 1351 1714 1406 κόσμον
1743 1362 1820 1395 seu

186 1426 344 1468 coelum
374 1426 640 1477 sphaerarum
666 1428 708 1466 et
726 1422 965 1480 ”Ολυμπον;
1004 1425 1083 1466 diei
1111 1428 1154 1467 et
1179 1425 1312 1467 noctis
1344 1424 1651 1467 vicissitudines
1681 1428 1820 1467 autem

187 1499 434 1551 explicuisse
471 1501 607 1539 terrae
646 1498 904 1539 revolutione
942 1509 1024 1539 non
1064 1499 1219 1539 circum
1261 1509 1410 1553 axem,
1452 1499 1525 1539 sed
1553 1500 1709 1540 circum
1733 1509 1820 1539 me-

185 1573 297 1614 dium
323 1572 462 1613 mundi
490 1573 630 1620 ignem
659 1572 700 1613 in
728 1574 827 1613 orbe
854 1571 1147 1626 aequatoriali,
1183 1583 1303 1624 quem
1329 1572 1494 1624 oblique
1521 1575 1635 1613 secet
1661 1570 1818 1624 eclipti-

185 1656 259 1687 cus
289 1644 494 1697 circulus,
525 1644 566 1684 in
598 1654 677 1695 quo
709 1642 811 1700 Sol,
840 1642 961 1685 Luna
992 1647 1032 1685 et
1063 1645 1244 1696 quinque
1273 1645 1461 1696 planetae
1492 1645 1648 1686 circum
1677 1645 1819 1695 ignem

184 1719 470 1760 revolvuntur.
528 1717 585 1757 At
621 1727 703 1757 non
743 1720 827 1757 tam
863 1721 1021 1758 certum
1055 1720 1145 1772 est,
1188 1727 1286 1758 num
1325 1718 1396 1758 illa
1422 1719 1608 1759 doctrina
1640 1717 1691 1758 de
1717 1718 1817 1767 igne

183 1790 338 1833 Vestae
366 1791 408 1830 in
436 1790 567 1830 medio
598 1790 749 1830 mundo
782 1790 863 1830 sito
900 1794 943 1830 et
972 1791 1119 1831 diurno
1161 1794 1276 1831 motu
1304 1795 1441 1832 terrae
1471 1791 1625 1832 circum
1652 1789 1696 1830 id
1720 1792 1818 1830 ante

185 1863 399 1906 Socratem
451 1864 569 1902 extra
620 1862 783 1903 scholae
835 1848 988 1904 limites
1034 1867 1262 1914 propagata
1308 1864 1378 1904 sit.
1451 1861 1642 1913 Vestigia
1688 1863 1816 1913 hujus

183 1937 394 1977 doctrinae
432 1933 690 1976 Parmenidis
730 1937 772 1975 et
811 1933 1067 1986 Empedoclis
1108 1937 1370 1987 opinionibus
1410 1937 1547 1977 inesse
1592 1936 1816 1976 voluerunt

183 2009 397 2061 nonnulli,
447 2007 517 2059 qui
552 2010 740 2049 veterum
784 2008 1118 2059 philosophorum
1156 2009 1303 2061 placita
1341 2012 1413 2050 aut
1448 2008 1706 2050 tradiderunt
1742 2009 1815 2048 aut

182 2080 441 2132 interpretati
474 2082 589 2123 sunt.
648 2078 740 2122 Jam
771 2080 814 2121 in
844 2078 1044 2130 Theolog.
1078 2081 1215 2123 Aritb.
1248 2092 1288 2132 p.
1321 2078 1348 2122 7
1390 2080 1454 2122 ed.
1486 2079 1569 2121 Ast
1605 2080 1812 2130 legimus:

184 2152 245 2204 (οἱ
262 2152 574 2206 Πυθαγορεΐοι)
603 2153 728 2207 φασί,
754 2154 855 2207 περὶ
881 2152 931 2194 τὸ
959 2155 1092 2206 μέσον
1116 2155 1203 2195 τῶν
1228 2153 1447 2209 τεσσάρων
1474 2154 1694 2205 στοιχείων
1722 2159 1814 2193 κεῖ-

182 2227 294 2268 abac
307 2240 406 2268 τινα
423 2222 622 2267 έναδικόν
642 2222 856 2279 διάπυρον
873 2223 1036 2279 κύβον..
1048 2224 1212 2269 ἐοίκασι
1231 2225 1280 2269 δὲ
1297 2225 1409 2269 κατά
1423 2241 1467 2280 γε
1481 2226 1620 2269 ταῖτα
1635 2238 1812 2280 κατηκο-

180 2299 439 2354 λουθηκέναι
462 2305 555 2346 τοῖς
574 2299 884 2353 Πυθαγορείοις
906 2303 948 2339 οἵ
965 2314 1009 2339 τε
1026 2304 1126 2353 περὶ
1142 2296 1427 2353 Ἐμπεδοκλέα
1449 2301 1522 2340 καὶ
1537 2297 1813 2354 Παρμενίδην

180 2376 255 2413 καὶ
275 2370 426 2425 σχεδὸν
454 2369 496 2412 οἱ
521 2369 710 2412 πλεῖστοι
729 2373 816 2413 τῶν
842 2370 982 2413 πάλαι
999 2371 1163 2428 σόφων,
1193 2371 1380 2428 φάμενοι
1396 2372 1472 2427 τήν
1500 2370 1778 2427 μοναδικὴ
1787 2385 1811 2413 ν

180 2443 350 2501 φύσιν
372 2442 578 2490 Ἑστίας
605 2440 817 2498 τρόπον
842 2446 899 2488 ἓν
925 2447 1063 2502 μέσῳ
1092 2443 1325 2500 ἱδρῦσθαι,
1355 2450 1428 2488 καὶ
1458 2444 1532 2487 διοέ
1559 2444 1610 2488 ‘co
1638 2441 1810 2503 ἰσὸῤῥο-

179 2531 266 2560 πον
295 2515 532 2574 φυλάσσειν
568 2515 646 2571 τήν
686 2515 823 2572 αὕτήν
850 2517 992 2573 ἕδραν.
1050 2518 1105 2560 Et
1144 2520 1300 2560 nostris
1340 2519 1622 2573 temporibus,
1665 2521 1713 2559 ut
1749 2521 1809 2558 ta-

181 2600 293 2630 ceam
321 2589 370 2628 de
403 2589 522 2642 aliis,
564 2590 935 2632 excellentissimus
963 2594 1151 2633 veterum
1178 2592 1573 2642 philosophematum
1602 2592 1806 2642 interpres

180 2660 414 2705 Boeckhius
440 2658 614 2703 Philolai
642 2662 867 2705 doctrinam
893 2664 936 2705 in
964 2662 1218 2706 Parmenidis
1248 2667 1289 2705 et
1315 2662 1573 2716 Empedoclis
1599 2662 1807 2715 figmentis

180 2736 411 2787 suspicatus
453 2737 530 2775 est.
592 2734 685 2778 Jam
725 2737 768 2778 in
799 2738 1142 2779 commentatione
1179 2748 1294 2794 mea,
1338 2748 1443 2790 quae
1480 2739 1679 2789 inscripta
1714 2739 1805 2777 est:

181 2807 680 2860 Untersuchungen
731 2808 862 2852 iiber
909 2812 993 2852 die
1040 2809 1395 2863 Philosophie
1445 2814 1549 2854 und
1599 2809 1807 2861 Physik

1474 2885 1497 2927 1
1519 2887 1544 2912 διο
