2043 3431
883 223 1160 266 -8-

206 338 465 382 notionibus.
524 337 564 380 A
606 338 862 391 philosophis
899 348 1063 391 semper
1099 335 1302 391 Olympus
1342 340 1390 380 ut
1426 335 1561 389 τόπος
1595 336 1839 395 ὐπερουρά-

199 426 292 463 νιος
321 414 600 466 memoratur,
628 420 732 463 puro
760 411 968 467 candore,
1000 414 1168 454 terrena
1194 412 1373 462 caligine
1403 412 1617 469 immunis,
1646 412 1837 454 aetherea

201 496 311 528 zona
340 484 497 527 mundi.

314 629 427 672 Ordo
455 631 729 682 sphaerarum
759 633 897 671 autem
926 630 992 671 hic
1021 634 1103 672 est.
1161 629 1210 672 In
1239 631 1454 682 superiore
1484 634 1526 672 et
1553 632 1745 673 aetherea
1771 640 1839 672 rc-

202 704 327 756 gione
364 702 505 745 mundi
546 712 740 756 suprema
781 704 956 756 sphaera
996 706 1061 745 est
1097 703 1293 755 Veneris,
1330 706 1408 745 suh
1449 714 1529 756 qua
1557 703 1626 745 illa
1655 703 1768 746 Solis
1796 706 1838 743 et

201 779 279 819 sub
317 778 396 818 hac
436 778 479 818 in
521 778 700 818 confinio
740 778 956 818 aethereae
986 780 1028 817 et
1064 781 1254 819 terrenae
1286 778 1471 826 regionis
1510 778 1668 818 coelum
1710 778 1839 819 stelli-

198 851 335 891 ferum
366 847 620 905 (οὐρανός),
661 850 797 905 quod,
840 853 888 891 ut
927 859 977 890 ex
1017 851 1156 901 priore
1194 851 1318 892 aliato
1354 851 1444 892 loco
1475 851 1679 905 vidimus,
1715 851 1837 892 orbes

199 920 347 964 Lunae
376 925 419 964 et
446 923 573 964 Aeris
603 922 849 964 subsecutos
878 933 969 964 esse
995 923 1229 966 affirmavit.

316 1068 438 1123 Quod
480 1068 583 1109 solis
624 1069 767 1109 orbem
808 1078 935 1119 supra
971 1069 1184 1110 stellarum
1212 1068 1370 1110 coelum
1401 1078 1494 1110 esse
1524 1071 1689 1121 censet,
1726 1078 1836 1110 com-

198 1150 324 1184 mune
353 1142 478 1183 hahet
506 1150 600 1182 cum
629 1140 958 1184 Anaximandro.

312 1287 453 1339 Hujus
476 1285 773 1329 Parmenideae
801 1288 994 1339 imaginis
1021 1287 1161 1330 mundi
1191 1288 1460 1340 depictionem
1481 1287 1594 1330 vides
1626 1287 1668 1328 in
1694 1286 1768 1337 ssg.
1796 1283 1832 1327 Ι.

311 1432 380 1475 Ex
408 1434 486 1475 hac
514 1434 677 1486 pictura
706 1434 920 1489 videmus,
960 1444 1156 1475 coronam
1184 1434 1373 1489 igneam,
1405 1443 1526 1485 quam
1556 1433 1731 1485 appellat
1759 1428 1836 1475 οὖ-

199 1505 360 1563 ρανῦυ,
389 1508 564 1548 mediam
596 1517 689 1548 esse
718 1508 900 1548 omnium
929 1507 1171 1560 mixtarum,
1202 1517 1326 1557 supra
1357 1516 1477 1558 quam
1507 1509 1626 1548 orbes
1657 1505 1835 1548 Veneris

199 1584 243 1622 et
273 1578 415 1635 Solis,
456 1581 566 1621 ini'ra
608 1589 729 1631 quam
770 1581 892 1621 orbes
921 1577 1065 1620 Lunae
1097 1583 1140 1621 et
1167 1581 1293 1621 Ae'ris
1322 1580 1588 1622 revolvantur
1615 1580 1722 1621 circa
1751 1582 1835 1620 ter-

199 1664 289 1695 ram
316 1653 360 1695 in
391 1652 528 1695 medio
568 1652 721 1694 mundo
755 1653 1047 1705 quiescentem.
1108 1651 1164 1693 Et
1194 1654 1290 1704 quia
1318 1653 1438 1694 etiam
1468 1652 1662 1694 mundum
1693 1651 1836 1693 dividit

197 1727 242 1768 in
287 1728 503 1776 regionem
543 1725 769 1766 aetheriam
808 1729 851 1766 et
878 1728 1084 1767 terrenam
1116 1726 1205 1768 sive
1234 1726 1407 1767 lucidam
1435 1729 1476 1766 et
1503 1736 1694 1780 opacam,
1734 1722 1835 1765 Par-

198 1799 381 1841 menides
410 1799 461 1840 de
489 1809 540 1840 eo
567 1798 664 1839 dicit
692 1809 759 1840 vs.
779 1797 857 1840 11:

387 1943 531 1987 Ἔνθα
559 1941 698 1987 πύλαι
733 1941 886 1993 νυκτός
914 1958 959 1986 τε
990 1947 1064 1985 καὶ
1097 1940 1263 1997 ἤματός
1301 1947 1383 1985 εἰσι
1412 1942 1636 1987 κελεύθων.

311 2089 359 2133 In
386 2091 497 2133 hunc
524 2091 704 2132 medium
732 2090 862 2131 totius
893 2090 1032 2132 mundi
1072 2090 1213 2132 orhem
1243 2089 1382 2141 posuit
1409 2087 1596 2145 Numen,
1635 2076 1835 2145 Δῖιίμονα

197 2164 226 2218 ἢ
263 2162 412 2205 πάντα
454 2163 665 2218 κυβερνᾷ,
716 2172 839 2214 quam
878 2162 1133 2218 κλῃδοῦχον,
1177 2161 1299 2217 δίκην
1340 2166 1381 2203 et
1418 2160 1606 2217 α’νάγκην
1641 2164 1830 2214 appellat.

198 2234 308 2290 Quid
341 2236 417 2276 hoc
446 2236 524 2276 sibi
555 2236 668 2277 suit?
733 2234 914 2277 Veteres
953 2238 1105 2276 terram
1145 2236 1302 2275 discum
1341 2237 1381 2274 et
1411 2235 1569 2275 coelum
1599 2238 1645 2275 ut
1676 2247 1835 2287 campa-

197 2318 295 2350 nam
335 2319 423 2350 eam
452 2311 698 2361 tegentem,
737 2308 879 2349 stellas
918 2310 1053 2349 autem
1094 2318 1176 2349 non
1216 2307 1258 2348 in
1298 2308 1412 2348 coelo
1442 2308 1588 2349 affixas
1617 2309 1831 2359 putabant.

195 2378 464 2422 Parmenides
514 2391 616 2423 vero
659 2382 913 2430 cognoverat
958 2381 1115 2421 coelum
1155 2390 1249 2420 esse
1296 2380 1511 2431 sphaeram
1553 2381 1834 2421 continentem

195 2456 352 2495 terram
381 2454 596 2504 globosam
625 2453 808 2505 undique
838 2453 1173 2509 circumdantem,
1201 2453 1244 2494 in
1276 2463 1356 2505 qua
1385 2454 1529 2495 stellae
1549 2453 1698 2495 affixae
1723 2453 1834 2508 sint3

197 2526 308 2579 quod
339 2527 532 2579 exprimit
560 2527 753 2570 versibus
782 2525 1029 2568 136—138:

460 2704 470 2714 .
502 2704 511 2713 .
541 2671 723 2728 εἰδήσεις
754 2670 803 2713 δὲ
831 2675 905 2713 καὶ
933 2671 1115 2728 οὐρανὸν
1141 2671 1281 2730 α’μφῐς
1308 2673 1477 2727 ἔχοντα,

403 2745 532 2786 ἔνθεν
559 2744 641 2801 ἔφυ
668 2759 715 2786 τε
743 2748 818 2785 καὶ
848 2743 903 2793 ὥς
933 2759 1007 2797 μιν
1037 2743 1191 2797 ἄγουσ’
1219 2745 1426 2801 ἕπέδησεν
1454 2745 1613 2800 α’νάγκη

403 2813 577 2873 πείρατ’
607 2818 717 2872 ἔχειν
745 2816 927 2872 ἄστρων.
