2043 3431
865 223 1144 267 ..6.-

185 337 411 396 ιῖπᾶρχειν,
438 337 590 393 η”ντινα
614 337 689 378 καὶ
718 336 909 391 δαίμονα
937 340 1010 379 καὶ
1038 337 1297 395 κυβερνήτην
1323 344 1396 382 καὶ
1423 340 1655 397 κλῃδοῦχον
1682 340 1817 395 (vulg.

185 411 438 467 κληροῦχον)
479 408 762 464 ἐπονομάζει,
802 409 926 467 δίκην
960 426 1007 452 τε
1044 413 1119 455 καὶ
1157 410 1358 469 ἀνάγκην.
1417 417 1504 455 Καὶ
1537 415 1612 469 τῆς
1639 415 1720 467 μὲν
1748 415 1822 468 γῆς

184 483 268 538 τήν
296 480 525 539 α’πόκρισιν
563 477 676 525 εἶναι
713 481 790 525 τὸν
826 479 956 538 α’έρα,
994 481 1069 526 διὰ
1101 484 1180 541 τήν
1210 487 1456 540 βιαιοτέραν
1493 483 1624 541 αὐτῆς
1652 484 1821 539 ἐξατμι-

185 558 353 599 osma
380 554 577 610 πίλησιν·
624 555 703 596 τοῦ
732 554 782 596 δὲ
809 555 945 610 πυρὸς
975 554 1204 613 α’ναπνοὴν
1230 557 1307 599 τόν
1333 558 1453 612 ἥλιον
1480 562 1553 598 καὶ
1580 557 1657 599 τὸν
1685 557 1821 609 γαλα-

184 631 285 680 ξίαν
319 626 491 669 κύκλον.
545 629 736 680 συμμιγῆ
776 624 819 667 δ’
861 628 906 679 ἐξ
944 625 1112 684 ἄμφοῖν
1149 638 1261 671 εἴναι
1298 629 1377 684 τήν
1414 629 1615 685 σελήνην,
1663 630 1740 671 τοῦ
1774 625 1822 670 τ’

185 699 313 758 α’ἑρος
339 704 415 742 καὶ
441 698 520 742 τοῦ
546 697 695 754 πυρὸς.
753 698 1040 754 Περιστοὶντος
1070 699 1118 742 δ’
1148 697 1351 743 οἷνωτάτω
1385 701 1564 744 πάντων
1591 702 1670 743 τοῦ
1698 702 1821 743 αἰθέ-

184 789 280 830 ρος,
322 769 406 816 ὑπ’
436 769 555 828 αὐτῷ’
592 770 643 814 τό
682 771 880 827 πυρῶδες
922 771 1212 830 ὑποταγῆναι,
1248 772 1382 817 τοῦθ’
1419 774 1525 830 ὅπερ
1564 773 1822 830 κεκλήκαμεν

183 843 393 902 οὐρανόν·
421 843 504 903 ὑφ’
530 843 584 888 οὗ
600 845 644 898 *)
674 844 758 901 ἤδη
784 845 841 888 τοὶ
869 848 1074 902 περίγεια.
1835 848 1838 851 ’

293 974 418 1018 Hunc
454 975 592 1018 locum
636 978 880 1027 corruptum
921 986 1014 1017 esse
1055 977 1149 1028 quis
1187 988 1267 1018 non
1309 976 1439 1018 vidit?
1494 974 1622 1019 Varia
1652 976 1821 1017 fortuna

180 1048 332 1091 verba:
380 1052 455 1089 καὶ
482 1046 533 1089 τὸ
568 1049 833 1101 μεσαίτατον
870 1048 1025 1090 πασῶν
1060 1049 1159 1103 περὶ
1195 1046 1255 1089 ὦν
1293 1047 1428 1090 πάλιν
1455 1047 1655 1103 πυρώδης
1684 1058 1821 1088 emen·

180 1121 280 1162 dare
319 1120 457 1161 eonati
496 1122 597 1161 sunt
632 1120 714 1162 viri
752 1119 878 1162 docti.
940 1118 1119 1162 Karsten
1146 1120 1214 1175 **)
1245 1124 1363 1172 putat
1391 1118 1559 1162 Stobaei
1596 1121 1723 1161 verba
1761 1120 1821 1160 sie

180 1194 397 1235 scribenda
424 1203 541 1234 esse:
592 1196 667 1233 καὶ
695 1192 745 1234 τὸ
783 1194 1045 1246 μεσαίτατον
1081 1197 1236 1235 πασῶν
1266 1225 1445 1236 .....
1476 1197 1576 1247 περὶ
1615 1189 1651 1246 φ’
1687 1190 1822 1234 πάλιν

179 1264 408 1323 πυρώδης,
459 1264 633 1307 credens
669 1265 874 1307 excidisse
907 1265 1082 1320 κέντρου
1117 1264 1242 1317 τάξιν
1279 1265 1389 1319 ἔχειν
1424 1269 1497 1308 aut
1534 1266 1666 1307 simile
1706 1265 1819 1320 quid,

182 1338 293 1390 quod
327 1338 371 1379 iu
413 1336 601 1391 infimum
642 1338 752 1380 hune
784 1339 873 1380 sive
899 1340 1109 1380 terrenum
1139 1340 1278 1379 orbem
1321 1340 1552 1380 conveniat.
1613 1337 1694 1380 Sed
1722 1339 1821 1379 haee

179 1411 306 1453 nimis
347 1410 572 1451 artificiosa
610 1412 850 1461 conjectura
889 1422 971 1452 non
1009 1414 1168 1452 tantum
1205 1411 1355 1462 aliquid
1385 1411 1639 1461 tautologiae
1669 1411 1819 1465 simile,

181 1484 256 1526 sed
295 1483 418 1524 etiam
456 1483 608 1525 falsum
639 1493 808 1525 sensum
844 1484 1076 1533 praeberet.
1137 1481 1301 1524 Etenim
1339 1481 1389 1525 τὰ
1427 1484 1688 1536 μεσαίτατον
1733 1498 1820 1525 πα-

182 1555 272 1598 σῶν
296 1566 381 1597 non
410 1558 474 1596 est
511 1558 701 1596 centrum
737 1555 923 1596 universi
952 1555 1016 1595 vel
1054 1554 1110 1595 τοὶ
1144 1556 1363 1609 περίγεια,
1402 1558 1449 1596 ut
1488 1556 1680 1605 opinatur
1710 1553 1820 1596 Rar-

181 1630 293 1684 sten,
324 1628 395 1669 sed
427 1628 562 1669 media
590 1638 744 1669 corona
771 1629 953 1669 omnium
981 1630 1065 1668 tam
1096 1627 1336 1680 mixtarum,
1368 1630 1448 1668 tam
1479 1637 1692 1678 purarum.
1752 1626 1820 1669 Ex

182 1701 324 1742 eadem
352 1701 522 1754 ratione⁴
534 1700 635 1742 mihi
663 1701 891 1751 rejicienda
913 1700 1075 1741 videtur
1104 1700 1225 1741 etiam
1247 1699 1473 1740 emendatio
1505 1698 1819 1754 Boeckhii***)‚

181 1772 253 1824 qui
288 1782 365 1824 pro
394 1777 496 1828 περὶ
534 1769 567 1813 ὦ
602 1773 784 1823 conjecit
818 1777 919 1828 περὶ
945 1773 969 1814 ὃ
997 1775 1039 1813 et
1076 1773 1346 1823 supplendum
1387 1775 1528 1813 censet
1564 1772 1734 1827 στερεόν
1772 1785 1821 1814 ac

180 1846 218 1888 si
246 1846 384 1888 dicere
413 1845 618 1888 voluisset
647 1843 884 1901 Stohaeus‚
926 1846 1115 1888 intimum
1153 1845 1342 1887 nucleum
1384 1847 1462 1897 (sc.
1496 1845 1698 1897 universi)
1727 1856 1819 1888 esse

180 1917 359 1959 solidum
399 1921 441 1958 et
477 1918 634 1960 circum
674 1918 718 1959 id
754 1919 913 1968 ignem.
973 1918 1096 1973 Quod
1132 1919 1167 1959 si
1199 1918 1334 1958 (licere
1363 1918 1566 1958 voluisset
1596 1916 1818 1974 Stobaeus‚

179 2001 320 2033 nonne
349 1991 586 2044 scripsisset
622 1992 702 2033 τοῦ
728 1990 894 2040 παντός
930 2002 1004 2043 pro
1032 1992 1216 2033 πασῶνῖ
1273 1988 1339 2031 Atl
1368 1991 1539 2031 verbum
1567 1993 1721 2033 πασῶν
1748 2002 1820 2033 au-

178 2067 265 2105 tem
301 2064 398 2105 mihi
440 2063 712 2116 supplendum
752 2064 918 2105 videtur
956 2065 1195 2120 στεφανῶν.
1254 2062 1451 2104 Davisius
1491 2065 1695 2113 conjecit:
1746 2066 1821 2106 καὶ

178 2135 261 2192 τήν
303 2136 567 2192 μεσαιτάτην
600 2137 759 2179 πασῶν
798 2134 964 2190 α’ραιῶν
996 2134 1132 2178 πάλιν
1168 2134 1370 2191 πυρώδη,
1415 2146 1520 2188 quae
1561 2138 1818 2192 conjectura,

178 2213 229 2251 ut
248 2211 337 2260 jam
364 2208 544 2251 Rarsten
574 2210 816 2264 annotavit,
857 2212 1061 2261 repugnat
1089 2210 1219 2260 ipsius
1249 2207 1415 2250 Stobaei
1443 2209 1706 2263 testimonio,
1748 2211 1819 2262 qui

178 2293 306 2324 unam
345 2285 506 2324 tantum
542 2280 588 2323 ἔκ
627 2283 706 2324 τοῦ
745 2280 924 2337 ἆραιοῦ,
970 2297 1081 2339 puro
1131 2281 1316 2325 candore
1362 2281 1567 2325 nitentem
1604 2297 1816 2335 coronam,

177 2357 393 2397 memorat.
436 2353 528 2405 Ego
555 2357 694 2399 autem
725 2366 892 2411 censeo,
921 2355 1261 2407 simplicissimam
1292 2358 1333 2395 et
1357 2355 1693 2396 verisimillimam
1723 2367 1820 2397 con-

175 2429 384 2479 jecturam
422 2438 540 2482 esse,
576 2428 614 2468 si
650 2428 864 2478 legamus:
916 2425 994 2481 τήν
1032 2426 1294 2480 μεσαιτάτην
1332 2430 1487 2468 πασῶν
1520 2428 1682 2480 μικτιῦν
1726 2429 1817 2478 (pro

177 2503 282 2555 περὶ
309 2496 388 2551 ὦν)
418 2499 555 2543 πάλιν
583 2500 786 2556 πυρώδη,
827 2503 869 2541 et
903 2502 1075 2544 mediam
1111 2501 1292 2543 omnium
1324 2501 1544 2544 mixtarum
1575 2500 1724 2541 iterum
1751 2512 1819 2541 co-

270 2697 311 2741 *)
336 2706 398 2742 pro
422 2695 490 2743 ὑφ’
515 2695 562 2732 οὗ
585 2697 763 2741 legendum
789 2700 861 2732 est:
893 2697 960 2743 ὑφ’
984 2695 1025 2744 ᾦ.

269 2760 332 2803 **)
356 2758 567 2794 Parmenidis
594 2759 732 2794 Eleatae
758 2759 923 2794 Carminis
945 2759 1118 2805 Reliquiae
1144 2771 1177 2805 p.
1199 2757 1267 2793 246
1290 2758 1394 2795 Ann.‘

266 2820 347 2865 ***)
372 2819 494 2855 Annal.
517 2821 567 2855 lit.
590 2820 745 2856 Heidelb.
771 2831 801 2855 a.
827 2821 928 2866 1808,
949 2820 1049 2856 Fase.
1075 2822 1108 2856 1.
1133 2831 1165 2865 p.
1191 2818 1380 2853 116-118.
