2043 3431
885 189 1161 232 ..7.-

211 313 356 346 ronam
394 305 562 355 igneam
593 314 703 345 esse.
763 302 909 346 Omnis
946 304 1054 346 enim
1094 303 1353 358 obscuritas,
1394 312 1500 354 quae
1536 302 1633 343 huic
1660 303 1749 344 loco
1779 303 1842 345 lu-

205 386 301 418 esse
330 376 524 430 videtur,
563 375 773 431 evaneslt,
814 376 851 418 si
879 375 1001 417 modo
1030 376 1439 418 animadverterimus
1471 376 1549 416 sub
1576 384 1700 416 voce:
1749 385 1841 417 στε-

201 447 319 505 φάνη
355 447 558 502 πυρώδης
593 449 694 489 duas
731 449 915 490 diversas
958 459 1026 490 res
1069 458 1163 489 esse
1202 448 1534 499 comprehensas.
1596 446 1705 488 Nam
1743 445 1839 489 Sto-

198 523 326 564 haeus
355 532 529 563 coronas
549 522 742 562 universe
761 525 977 564 enumerat
994 525 1079 564 tres
1098 531 1277 572 genere:
1307 531 1429 562 unam
1452 518 1497 571 ἐξ
1517 517 1673 575 οῗραιοῦ
1693 520 1838 573 (quam

200 596 364 649 αἰθέρα
401 594 489 635 sive
515 577 732 647 Ὄλυμπον
769 594 945 646 appellat
970 592 1278 646 Parmenides),
1319 593 1489 634 alteram
1518 592 1564 633 ἐκ
1591 594 1755 634 πυκνοῦ
1783 591 1836 645 (l.

198 677 237 707 e.
274 665 331 707 τοὶ
366 668 576 723 περίγεια)
619 669 661 707 et
698 667 837 717 plures
876 666 1029 708 medias
1067 667 1179 707 inter
1217 667 1292 707 has
1334 664 1500 718 μικτοὲς.
1558 663 1648 705 Hae
1678 665 1835 705 mixtae

198 749 375 780 coronae
404 742 540 780 autem
569 742 667 780 sunt
694 740 843 791 partim
873 740 1054 781 siderum
1079 740 1204 780 orbes
1234 738 1383 790 partim
1414 738 1526 779 ae'ris
1556 740 1599 777 et
1627 740 1835 779 meteoro-

197 821 290 854 rum
317 812 443 854 orbis.
504 810 662 854 Mixtae
696 815 836 854 autem
875 813 1141 855 nominantur
1178 812 1275 863 quia
1316 811 1471 852 mixtae
1504 813 1604 851 sunt
1637 821 1691 851 ex
1719 814 1835 852 utra-

200 895 279 935 que
306 886 493 926 materiei
532 888 698 941 specie,
740 887 923 928 aetheria
962 890 1004 928 et
1028 890 1210 928 terrena.
1270 884 1541 939 Quaerendae
1566 888 1703 925 autem
1733 888 1834 926 sunt

198 967 280 998 non
317 958 359 999 in
400 959 530 1009 spatio
573 970 703 1001 vacuo
743 960 853 1001 inter
892 960 1031 1000 ambas
1069 968 1220 1012 puras,
1262 958 1335 999 sed
1371 958 1414 999 in
1453 957 1518 998 his
1556 957 1684 1012 ipsis3
1723 957 1831 1008 quod

196 1030 390 1072 discimus
419 1042 472 1072 ex
496 1032 625 1073 altero
659 1031 827 1073 Stobaei
858 1034 950 1074 loco
972 1032 1028 1087 ³¹⁸),
1071 1033 1141 1073 ubi
1168 1031 1371 1081 legimus:
1411 1028 1687 1084 Παρμενίδης
1714 1030 1830 1084 πρῶ-

196 1117 273 1144 τον
311 1105 389 1156 μὲν
427 1102 570 1146 τάττει
607 1104 684 1146 τὰν
708 1100 858 1159 Ἐῶον,
893 1104 970 1146 τὸν
1001 1102 1134 1146 αὐτόν
1171 1102 1220 1145 δὲ
1253 1100 1536 1156 νομιζόμενον
1574 1099 1657 1144 ὑπ’
1696 1100 1832 1144 αὐτοῦ

195 1179 269 1216 καὶ
290 1175 520 1230 Ἕσπερον,
559 1176 618 1218 ἐν
644 1177 711 1219 τῶ
747 1179 960 1232 αἰθέρι·
1005 1174 1115 1230 μεθ’
1153 1176 1204 1218 ὃν
1240 1174 1317 1218 τὸν
1339 1174 1505 1229 manv,
1542 1171 1623 1231 ὑφ’
1658 1171 1693 1232 ᾦ
1732 1173 1832 1223 τούς

196 1246 243 1289 ἓν
269 1247 330 1305 τῷ
358 1245 548 1302 πυρώδει
572 1246 770 1305 ἀστέρας,
798 1248 903 1304 ὅπερ
932 1245 1170 1304 οὐρανὸν
1195 1247 1322 1289 καλεῖ.
1379 1246 1448 1288 Ex
1476 1248 1556 1288 hoc
1585 1248 1677 1288 loco
1706 1248 1831 1287 etiam

197 1322 509 1374 cognoscimus,
554 1323 756 1373 quomodo
783 1320 1044 1364 Parmenides
1075 1322 1154 1363 sibi
1184 1322 1371 1362 ordinem
1403 1330 1651 1362 coronarum
1680 1321 1831 1361 mixta-

196 1402 289 1434 rum
330 1393 575 1442 cogitaverit
610 1397 651 1435 et
689 1395 785 1445 quid
821 1396 898 1436 sub
941 1405 1092 1436 corona
1129 1394 1201 1434 illa
1241 1394 1374 1434 media
1407 1393 1633 1433 mixtarum
1675 1393 1831 1434 intelli·

195 1466 374 1515 gendum
403 1466 485 1519 sit,
518 1476 621 1517 quae
652 1466 805 1509 iterum
835 1466 961 1522 ignea
990 1466 1143 1518 (πάλιν
1169 1463 1367 1520 πυρώδη)
1399 1475 1424 1505 a
1453 1462 1631 1506 Stobaeo
1662 1465 1827 1506 dicitur.

194 1536 273 1578 Est
302 1539 410 1578 enim
439 1539 541 1578 nihil
580 1539 690 1579 aliud
730 1540 811 1580 nisi
841 1540 1000 1580 coelum
1031 1539 1305 1592 stelliferum,
1345 1536 1455 1588 quod
1492 1535 1679 1592 οὐρανόν
1706 1548 1831 1589 appe-

194 1609 303 1651 lasse
330 1608 613 1652 Parmenidem
655 1612 786 1653 refert
821 1610 1043 1654 Stobaeus.
1104 1609 1239 1661 Igitur
1277 1621 1359 1651 nou
1399 1612 1559 1651 tantum
1592 1607 1828 1663 Ὄλυμπον,

196 1683 267 1724 sed
305 1684 426 1724 etiam
472 1679 667 1739 Οὐρανόν
701 1682 910 1738 ,ὃῑοὴοθιιε
957 1684 1134 1735 appellat
1172 1696 1369 1726 coronam
1412 1682 1591 1737 igneam.
1649 1680 1725 1723 Ille
1764 1685 1831 1724 est

193 1754 394 1810 πυρώδης
431 1755 619 1811 στεφάνη
664 1754 750 1798 ὑπὸ
788 1757 847 1812 τῷ
874 1755 1020 1806 πάσας
1048 1759 1314 1812 περιέχοντι,
1352 1756 1420 1797 hic
1447 1754 1496 1797 τὸ
1522 1755 1718 1812 πυρῶδες
1745 1753 1830 1797 ὑπ’

195 1829 355 1883 αἰθέρι.
411 1826 567 1869 Eodem
597 1829 762 1870 nomine
791 1832 928 1871 autem
957 1832 1175 1881 utrumque
1204 1829 1411 1882 appellat,
1442 1828 1539 1880 quia
1568 1825 1591 1869 ὁ
1611 1827 1829 1881 Ὄλυμπος

194 1901 417 1941 secundum
456 1903 691 1952 opinionem
720 1901 979 1944 Parmenidis
1020 1904 1134 1944 orbis
1173 1902 1410 1943 continente
1447 1902 1595 1942 ardore
1624 1901 1728 1942 lucis
1761 1902 1828 1942 vel

194 1983 347 2014 corona
378 1974 569 2015 aetherea
598 1975 739 2016 mundi
768 1974 873 2030 suit,
903 1974 980 2017 τύν
1008 1970 1193 2030 οὐρανόν
1221 1977 1359 2015 autem
1392 1977 1555 2015 veteres
1588 1973 1827 2025 plerumque

193 2048 389 2096 tanquam
429 2048 568 2087 orbem
596 2047 766 2096 igneum
800 2049 1006 2098 diruptum
1046 2048 1452 2101 centemplabantur,
1493 2048 1565 2098 qui
1601 2050 1756 2088 terram
1786 2049 1829 2087 et

193 2118 306 2159 ae'ris
337 2120 479 2160 orbem
509 2119 736 2161 circumdat
761 2120 889 2163 veluti
916 2123 1060 2162 cortex
1088 2122 1295 2163 arborem.

307 2262 418 2304 Haec
448 2264 586 2316 opinio
616 2264 843 2307 secundum
872 2276 994 2319 quam
1023 2263 1226 2318 Olympus
1260 2275 1387 2317 supra
1415 2266 1574 2307 coelum
1601 2261 1825 2319 (οὐρανόν)

193 2338 298 2378 situs
346 2341 437 2390 est,
488 2348 542 2378 ex
589 2338 799 2387 religiosis
835 2337 1089 2380 Graecorum
1129 2340 1369 2381 notionibus
1411 2342 1557 2379 exorta
1597 2342 1677 2380 est.
1738 2337 1826 2379 lam

192 2412 298 2460 apud
332 2410 558 2451 Homerum
596 2421 789 2451 cacumen
818 2410 1044 2453 Thessalici
1083 2413 1235 2453 montis
1267 2410 1461 2466 Olympi,
1501 2413 1544 2453 in
1584 2422 1666 2463 quo
1706 2412 1824 2453 sedes

192 2482 389 2538 deorum,
419 2493 493 2533 per
518 2483 702 2524 foramen
735 2483 854 2538 coeli,
884 2487 1019 2526 terrae
1050 2486 1165 2540 tecti,
1197 2468 1238 2526 in
1271 2483 1494 2526 Aetherem
1523 2494 1616 2525 sese
1645 2484 1822 2525 extollit.

193 2554 306 2597 Haec
335 2548 532 2606 cogitatio
572 2557 801 2611 remansit,
842 2560 1010 2600 mutatis
1048 2559 1171 2600 etiam
1203 2560 1251 2600 de
1290 2562 1424 2599 terrae
1461 2558 1647 2609 coelique
1676 2561 1825 2599 natura

280 2780 319 2824 *)
348 2779 421 2817 Eoi.
446 2781 544 2827 phys.
570 2781 599 2825 1,
621 2781 679 2817 25.
703 2792 738 2828 p.
762 2780 840 2818 516.
865 2781 946 2819 518.
