2043 3431
886 186 1168 227 ..5.-

211 310 356 341 renam
388 299 600 341 materiem
629 299 908 353 intellexisse,
949 300 1101 342 nemini
1132 300 1298 341 dubium
1335 301 1424 342 sore
1454 302 1593 343 credo.
1652 298 1746 352 lpse
1773 312 1848 353 ap·

211 373 334 423 pellat
376 374 447 414 illa
486 372 686 413 elementa
724 377 892 428 μορφαὶ
929 373 959 413 i.
1000 383 1037 414 e.
1082 372 1249 428 species
1284 383 1358 413 scu
1393 387 1550 428 genera
1587 373 1720 429 (εἴδη)
1760 385 1847 416 ma·

210 447 344 487 teriei.
407 444 472 485 Ex
512 445 670 487 duobus
714 446 778 487 his
819 447 1068 502 generibus,
1117 445 1209 486 luce
1248 449 1289 487 et
1330 450 1477 503 nocte,
1526 449 1690 488 constat
1731 449 1844 489 totus

210 520 399 560 mundus.

324 618 540 674 Quomodo
574 632 627 662 ex
656 621 719 663 his
754 621 937 662 materiei
982 621 1193 672 speciebus
1227 622 1422 662 mundum
1449 624 1732 663 constructum
1763 622 1844 663 sibl

210 693 379 733 tinxerit
407 691 698 748 Parmenides,
729 695 765 734 si
796 688 1225 744 velimus-quaerere,
1256 694 1298 733 in
1330 694 1473 743 primis
1506 697 1730 736 notandum
1759 698 1842 749 est,

211 766 306 815 quid
338 766 386 806 de
416 764 572 806 Terrae
609 767 744 816 ligura
784 770 826 807 et
854 767 938 806 situ
969 766 1169 807 docuerit.
1228 763 1401 806 Terram
1431 768 1569 807 autem
1608 766 1746 808 docuit
1774 776 1845 808 ro-

209 837 378 880 tundam
407 849 527 893 esse,
559 842 600 880 et
625 839 862 890 aequalibus
896 839 1072 890 undique
1102 848 1125 879 a
1156 838 1295 878 mundi
1326 848 1400 879 ora
1427 839 1658 880 intervallis
1686 839 1844 881 distan-

207 916 317 967 tem,
361 913 401 953 in
443 917 583 954 centro
622 914 874 968 consistere,
924 922 1093 963 eamque
1132 912 1372 953 tremiscere
1416 911 1581 963 quidem
1619 914 1841 968 interdum,

213 987 319 1027 haud
352 990 483 1027 tamen
515 988 698 1041 moveri,
741 986 813 1027 sed
852 987 1005 1027 circum
1041 986 1146 1026 hanc
1186 988 1378 1036 tanquam
1416 990 1604 1028 centrum
1642 987 1842 1029 coelestes

209 1061 330 1101 orbes
371 1061 642 1102 circumferri.
703 1058 842 1101 Testis
881 1063 945 1100 est
974 1057 1182 1109 Diogenes
1219 1057 1415 1101 Laertius
1444 1058 1526 1115 IX,
1570 1059 1624 1102 21
1663 1061 1713 1101 de
1742 1058 1843 1102 Par-

210 1133 372 1173 menide
401 1135 602 1183 loquens:
643 1134 812 1185 πρῶτος
839 1134 918 1185 τῆν
947 1135 1021 1185 γῆν
1046 1130 1240 1188 α’πέᾳιηνε
1269 1133 1523 1187 σφαιροειδῆ
1551 1138 1625 1174 καὶ
1652 1133 1699 1174 ἓν
1724 1137 1843 1189 μέσῳ

207 1208 392 1247 κεῖσθαι.
451 1204 562 1247 Idem
593 1208 771 1246 testatur
800 1202 1004 1246 Plutarch.
1033 1202 1146 1246 Plac-
1184 1201 1263 1259 ΙΙΙ,
1296 1204 1372 1248 15:
1418 1204 1718 1261 Παρμενίδης,
1753 1205 1844 1262 Δη-

207 1274 427 1332 μόκριτος,
454 1277 528 1319 διά
556 1277 605 1319 τὸ
631 1276 912 1330 πανταχόθεν
939 1279 1032 1319 ἴσον
1062 1275 1319 1334 α’φεστοῖσαν
1346 1278 1491 1330 μένειν
1519 1278 1594 1320 ἐπὶ
1621 1280 1698 1334 τῆς
1725 1281 1842 1335 ἰσοῤ-

208 1353 389 1406 ῥοπίας,
420 1348 496 1392 οὔκ
525 1350 708 1403 ἔχουσαν
738 1352 908 1404 αἰτίαν,
948 1348 1002 1390 δι’
1031 1350 1084 1404 ἢν
1112 1348 1237 1403 δεῦρο
1265 1349 1429 1402 μᾶλλον
1457 1350 1483 1404 ἢ
1511 1350 1641 1393 ἐκεῖσε
1669 1352 1843 1406 ῥέψειεν

207 1422 281 1465 ἄν·
309 1423 383 1464 διαὶ
412 1424 536 1465 τοῦτο
567 1422 702 1475 μόνον
734 1426 816 1476 μὲν
854 1422 1195 1476 κραδαίνεσθαι,
1234 1422 1291 1476 μή
1321 1424 1536 1464 κινεῖσθαι
1566 1423 1627 1465 δὲ.
1685 1422 1844 1465 Terrae

208 1499 343 1538 motus
393 1497 596 1549 spectari,
647 1497 930 1548 unusquisque
977 1495 1188 1545 intelligit.
1246 1492 1511 1537 Parmenides
1557 1506 1722 1549 quoque
1760 1497 1845 1549 pri·

207 1579 327 1622 mus,
359 1572 464 1609 teste
495 1567 745 1622 Posidonio,
773 1573 924 1609 terram
956 1569 997 1608 in
1030 1568 1210 1617 quinque
1241 1580 1370 1610 zonas
1402 1570 1636 1623 distribuit3
1667 1580 1843 1621 quarum

206 1643 378 1682 mediam
410 1642 643 1693 (torridam)
673 1641 794 1682 nimis
823 1642 946 1682 latam
975 1640 1097 1693 fecit,
1139 1640 1197 1681 ita
1235 1644 1280 1681 ut
1306 1640 1555 1682 circulorum
1585 1642 1842 1692 tropicorum

206 1715 466 1756 intervallum
497 1715 691 1768 excedat3
723 1715 862 1755 ambas
894 1715 1030 1754 autem
1059 1715 1307 1764 temperatas
1336 1713 1577 1755 habitabiles
1606 1715 1724 1756 dixit.

318 1814 527 1869 Quaenam
566 1824 665 1856 vero
703 1825 755 1855 ex
794 1814 1001 1856 sententia
1039 1811 1294 1855 Parmenidis
1335 1814 1440 1855 coeli
1483 1816 1738 1857 constructio
1778 1821 1845 1859 est

206 1889 314 1928 circa
353 1889 456 1928 hanc
489 1889 530 1927 in
570 1888 702 1927 medio
736 1889 887 1927 mundo
925 1889 1201 1937 quiescentem
1242 1890 1423 1928 terram?
1481 1887 1599 1929 Hanc
1635 1891 1843 1939 quaestio-

205 1970 299 2001 nem
340 1963 548 2010 spinosam
591 1963 632 1999 et
669 1963 1005 2012 controversam,
1050 1962 1096 2000 ut
1130 1959 1228 2000 mihi
1267 1959 1458 2013 videtur,
1500 1962 1612 2001 omni
1642 1972 1696 2002 ex
1725 1966 1843 2013 parte
1884 1979 1890 1989 ⁶

208 2033 436 2082 dijudicare
463 2033 557 2073 licet
587 2043 638 2073 ex
669 2033 759 2073 loco
791 2033 963 2073 classico
997 2030 1190 2085 Stobaei,
1221 2042 1367 2086 quem,
1400 2033 1604 2083 quomodo
1635 2035 1844 2085 eprIcan-

205 2105 281 2144 dus
310 2105 392 2158 sit,
434 2105 512 2146 viri
551 2107 657 2145 docti
687 2106 804 2146 valde
833 2106 1123 2145 dubitaverunt
1161 2107 1202 2144 et
1243 2106 1560 2147 contenderunt.
1620 2105 1696 2148 Ille
1725 2108 1843 2149 loeus

204 2179 310 2229 apud
343 2176 567 2220 Stobaeum
599 2177 689 2219 Ecl.
720 2176 849 2229 Phys.
882 2176 919 2233 Ι,
950 2177 1021 2221 23.
1054 2177 1094 2220 1.
1124 2189 1165 2230 p.
1199 2175 1282 2219 482
1315 2189 1381 2229 sq.
1412 2179 1471 2221 ita
1498 2179 1682 2230 legitur:
1722 2185 1843 2237 Παρ-

203 2250 377 2306 μενίδης
417 2250 635 2307 στεφάνας
674 2249 785 2293 εἶναι
822 2251 1216 2307 περιπεπλεγμένας
1251 2250 1538 2307 ἐπαλλήλους,
1577 2253 1659 2307 τήν
1687 2256 1770 2308 μὲν
1795 2255 1842 2297 ἐκ

203 2326 281 2366 τοῦ
309 2322 478 2379 α’ραιοῦ,
507 2324 587 2378 τήν
614 2324 662 2366 δὲ
691 2325 737 2366 ἐκ
763 2327 840 2367 τοῦ
868 2326 1058 2378 πυκνοῦ,
1098 2323 1251 2377 μικτοῖς
1281 2324 1330 2366 δὲ
1359 2323 1491 2375 ἄλλας
1520 2326 1566 2367 ἐκ
1594 2327 1737 2383 ([ωτός
1767 2329 1842 2370 καὶ

204 2397 378 2446 σκότους
406 2396 565 2451 μεταξύ
606 2396 794 2439 τούτων·
843 2403 916 2438 καὶ
955 2397 1004 2439 τό
1042 2399 1242 2451 περιέχον
1272 2396 1321 2438 δὲ
1349 2396 1496 2447 πάσας
1523 2401 1689 2451 τείχους
1718 2399 1842 2456 δίκην

203 2469 371 2523 στερεόν
397 2468 617 2525 ὑπάρχειν,
648 2468 720 2525 ὑφ’
754 2467 785 2525 ᾧ
813 2469 1010 2525 πυρώδης
1037 2470 1249 2525 στεφάνη·
1277 2475 1350 2511 καὶ
1380 2468 1429 2512 τὸ
1457 2474 1719 2523 μεσαίτατον
1746 2488 1839 2514 πα-

206 2543 292 2584 σῶν
330 2547 430 2597 περὶ
466 2540 527 2584 ὦν
564 2542 697 2584 πάλιν
734 2539 957 2598 πυρώδης·
1006 2544 1091 2584 τῶν
1122 2541 1170 2584 δὲ
1208 2546 1429 2596 συμμιγῶν
1465 2544 1543 2598 τὴν
1577 2544 1840 2600 μεσαιτάτην

206 2614 403 2664 ἁπάσαις
452 2619 578 2657 τοκέα
618 2617 752 2668 (vulg.
794 2632 838 2657 τε
877 2618 972 2669 καὶ)
1002 2616 1049 2671 ”)
1093 2614 1235 2670 πάσης
1280 2615 1480 2669 κινήσεως
1519 2623 1593 2659 καὶ
1641 2621 1838 2672 γενέσεως

292 2783 328 2827 *)
352 2783 407 2818 Sic
437 2782 633 2819 emendavit
657 2783 813 2820 Davisius
839 2783 879 2819 ad
906 2783 1059 2820 Ciceron.
1086 2784 1162 2820 Nat.
1189 2782 1292 2820 Deor.
1319 2785 1348 2828 1,
1373 2784 1428 2820 11.
