2043 3431
882 193 1187 237 ,13-

219 309 397 353 cumdat.
458 309 647 352 Alterum
684 310 815 361 igitur
849 308 1219 363 hemisphaerium,
1285 308 1529 359 primigenio
1570 307 1669 358 igne
1709 307 1840 359 reple-

220 387 332 436 tum,
372 386 437 424 est
473 383 563 432 ipse
601 383 670 422 ille
709 382 821 423 orbis
856 382 1007 431 igneus
1033 391 1108 422 seu
1146 380 1405 422 Parmenidis
1444 380 1678 435 Olympus,
1718 384 1839 432 cujus

218 456 341 497 ardor
368 455 472 497 lucis
501 454 544 495 in
572 454 663 496 foco
694 456 985 509 coacervatur,
1022 464 1101 505 quo
1131 452 1203 508 iit,
1249 456 1296 495 ut
1332 453 1433 496 solis
1470 454 1607 505 imago
1648 456 1842 506 appareat

218 528 260 569 in
289 527 417 569 coelo.
480 524 552 568 Sol
589 530 724 568 autem
761 527 936 568 visibilis
971 537 1054 568 non
1094 537 1168 581 re,
1208 527 1280 567 sed
1320 527 1456 578 specie
1485 530 1643 568 tantum
1678 528 1836 568 existit.

216 601 363 641 Totam
403 601 512 641 enim
549 602 762 651 sphaeram
811 600 953 641 mundi
994 598 1258 650 Empedocles
1293 601 1337 640 in
1385 600 1486 640 duas
1530 601 1723 649 regiones
1763 610 1841 641 seu

217 684 346 714 zonas
376 672 707 730 (hemisphaeria
744 675 864 714 vocat
897 669 1165 724 Plutarchus)
1204 671 1364 726 dividit,
1404 671 1574 713 alteram
1599 673 1840 714 candentem

219 748 260 786 et
289 745 488 801 lucidam,
520 745 688 787 alteram
717 755 882 797 opacam
913 748 955 785 et
982 745 1201 786 humidam.
1261 743 1337 786 Illa
1376 747 1440 786 est
1479 745 1566 796 ipse
1604 745 1719 801 ἥλιος
1757 743 1841 800 α’ρ-

217 820 414 872 χέτυπος,
443 820 486 861 in
521 820 597 861 hac
639 823 776 861 autem
815 829 892 860 nos
930 822 1067 860 terrae
1100 818 1259 860 incolae
1293 819 1479 859 videmus
1507 818 1619 859 illius
1649 817 1841 860 candoris

218 888 475 943 ἀνταύγειαν
511 893 541 932 i.
583 902 622 932 e.
666 893 886 940 imaginem
924 902 948 932 a
986 892 1099 932 coelo
1130 892 1258 932 veluti
1286 903 1310 932 a
1341 892 1507 942 speculo
1536 901 1838 944 repercussam,

219 973 324 1014 quae
354 964 612 1015 repercussio
641 964 808 1005 luminis
837 963 1065 1015 superioris
1093 967 1158 1005 est
1195 964 1258 1005 sol
1286 964 1476 1005 visibilis.

328 1107 611 1161 Empedoclem
639 1111 736 1151 anni
768 1121 931 1162 quoque
960 1110 1198 1152 varietatem
1239 1110 1488 1161 explicuisse
1526 1111 1696 1152 scimus.
1758 1109 1842 1153 Sed

219 1184 420 1232 quomodo
451 1185 717 1235 explicaverit
745 1186 864 1226 valde
894 1186 1128 1226 obscurum.
1190 1183 1307 1225 Efflci
1337 1184 1507 1225 aestatis
1534 1188 1576 1226 et
1605 1184 1752 1226 hiemis
1781 1185 1843 1226 vi-

219 1255 497 1297 cissitudinem
528 1256 781 1299 oscillatione
810 1257 876 1300 vel
904 1257 1121 1299 libratione
1147 1256 1319 1309 quadam
1347 1256 1564 1308 utriusque
1586 1257 1699 1299 orbis
1728 1259 1842 1300 ae'ris

220 1332 261 1369 et
286 1330 421 1382 ignis,
468 1328 736 1381 Empedocles
765 1331 917 1372 docuit.
979 1330 1035 1372 Ut
1072 1341 1126 1371 ex
1164 1330 1327 1371 verbis:
1385 1329 1551 1385 τροπήν
1579 1332 1677 1383 (τοῦ
1704 1328 1842 1386 ἡλίου)

220 1401 268 1443 δὲ
296 1403 533 1456 γίγνεσθαι,
563 1400 649 1444 ὑπό
675 1404 749 1458 τῆς
775 1402 1047 1459 περιεχούσης
1076 1400 1208 1445 αὐτὸν
1238 1403 1426 1458 σφαίρας
1452 1402 1717 1455 κωλυομένου
1744 1400 1844 1458 ἀχρὶ

218 1474 381 1523 παντὸς
408 1472 670 1530 εὐθυπορεῖν
695 1480 770 1517 καὶ
805 1474 892 1517 ὑπὸ
928 1476 1012 1517 τῶν
1046 1476 1261 1529 τροπικῶν
1297 1473 1460 1515 κύκλων
1487 1475 1530 1525 *)
1559 1476 1767 1525 conjicere
1792 1477 1843 1517 li-

220 1550 312 1600 cet,
370 1558 458 1588 rem
507 1550 566 1588 ita
615 1549 694 1589 sibi
732 1549 1000 1589 informassse
1048 1548 1235 1602 videtur,
1301 1550 1347 1587 ut
1390 1547 1549 1597 adjecta
1585 1549 1719 1597 figura
1761 1547 1842 1601 (II)

219 1622 435 1661 monstrat.
498 1617 564 1661 Sit
589 1619 627 1661 T
654 1623 790 1672 terra,
837 1630 957 1673 quam
996 1630 1077 1661 non
1117 1619 1310 1674 globum,
1363 1618 1436 1661 sed
1465 1619 1622 1661 discum
1649 1631 1742 1662 esse
1769 1631 1846 1673 pu-

220 1694 348 1747 tavit,
380 1691 414 1733 Z
443 1694 597 1745 zenith‚
638 1692 673 1735 P
710 1695 827 1746 polus
865 1694 1031 1749 mundi,
1073 1691 1214 1735 ABD
1255 1694 1361 1734 situs
1397 1693 1581 1735 aestivus
1612 1694 1716 1735 coeli
1749 1706 1846 1746 cry·

220 1766 391 1819 stallini‚
420 1764 600 1807 A‘B¹D‘
629 1769 721 1817 ejus
750 1769 855 1809 situs
884 1767 1087 1820 hiemalis,
1132 1763 1162 1807 S
1191 1770 1232 1808 et
1264 1764 1310 1808 S¹
1341 1766 1403 1807 sol
1436 1767 1609 1808 visibilis
1638 1767 1680 1808 in
1710 1768 1842 1820 coelo,

219 1837 303 1881 AB
344 1839 445 1880 solis
482 1840 660 1882 circulus
701 1842 873 1883 diurnus
910 1844 1095 1892 tempore
1132 1839 1317 1894 aestivo,
1361 1837 1488 1880 A‘B‘r
1517 1839 1624 1881 idem
1660 1844 1844 1893 tempore

220 1912 409 1966 hiemali3
478 1911 563 1953 RL
599 1915 641 1953 et
675 1911 772 1955 MN
807 1916 905 1954 sunt
944 1913 1121 1966 limites,
1163 1921 1266 1962 quos
1305 1912 1478 1962 sphaera
1516 1912 1670 1953 librans
1710 1916 1847 1954 trans·

221 1985 337 2034 gredi
379 1996 461 2026 non
501 1988 663 2040 potest,
715 1985 820 2026 alter
857 1986 1014 2027 circulo
1052 1985 1214 2037 cancri,
1275 1984 1380 2025 alter
1418 1984 1571 2037 circulo
1616 1986 1844 2037 capricorni

220 2058 490 2108 respondens.
554 2056 692 2111 Quum
734 2058 866 2099 hieme
905 2059 1045 2099 coelus
1086 2057 1352 2108 crystallinus
1393 2054 1435 2109 (ὁ
1473 2054 1672 2111 οὐρανὸς)
1713 2059 1757 2100 in
1787 2059 1847 2099 di-

220 2131 404 2172 rectione
442 2128 525 2170 ZT
564 2130 755 2171 deorsum
798 2133 1037 2182 moveatur,
1100 2130 1178 2170 hoc
1215 2132 1400 2180 tempore
1438 2131 1573 2180 major
1610 2140 1732 2171 arcus
1767 2132 1846 2172 cir-

222 2203 303 2244 culi
333 2203 467 2244 diurni
496 2200 613 2244 A‘B‘
641 2205 717 2244 sub
744 2207 857 2246 terra
887 2204 975 2245 sive
1003 2204 1078 2245 sub
1105 2203 1322 2244 horizonte
1353 2205 1434 2257 est,
1466 2207 1714 2255 quapropter
1746 2206 1845 2245 tunc

223 2276 418 2327 temporis
460 2279 603 2317 noctes
646 2276 858 2327 longiores
905 2278 994 2319 dies
1044 2280 1181 2318 autem
1220 2276 1433 2317 breviores
1472 2276 1589 2317 fiunt.
1673 2275 1846 2318 Aestate

222 2352 359 2390 autem
399 2358 467 2390 res
506 2349 711 2390 contraria
752 2352 832 2391 est.
900 2349 1085 2391 Arcuum
1124 2350 1366 2390 diurnorum
1402 2348 1502 2390 solis
1532 2349 1666 2398 igitur
1704 2350 1847 2401 ampli-

222 2422 356 2462 ficatio
394 2424 435 2461 et
473 2421 686 2462 diminutio
724 2422 767 2464 in
807 2422 1089 2464 vicissitudine
1118 2422 1288 2463 aestatis
1318 2424 1359 2462 et
1387 2422 1531 2463 hiemis
1568 2422 1636 2463 hic
1679 2433 1762 2463 non
1792 2432 1845 2463 ex

224 2494 462 2544 obliquitate
491 2493 730 2549 Eclipticae,
767 2496 839 2536 sed
881 2506 934 2536 ex
968 2495 1186 2536 libratione
1214 2504 1290 2535 seu
1319 2494 1575 2535 oscillatione
1603 2495 1682 2536 τοῦ
1710 2491 1846 2549 ου’ρα-

222 2566 301 2608 νοῦ
338 2566 448 2606 inter
481 2566 657 2607 circulos
696 2567 876 2617 tropicos
916 2567 1138 2608 derivatur.
1215 2566 1353 2618 Atque
1382 2570 1519 2608 motus
1548 2576 1712 2608 annuus
1743 2566 1844 2608 solis

224 2640 255 2680 i.
294 2649 333 2680 e.
370 2638 509 2694 τροπή
545 2641 679 2682 oritur
716 2641 881 2683 circulis
919 2641 1115 2695 tropicis,
1181 2641 1251 2691 qui
1297 2640 1456 2682 coelum
1503 2639 1602 2693 (τὸν
1641 2638 1846 2696 οὐρανὸν)

317 2800 350 2842 ·)
378 2800 471 2834 riae.
496 2801 540 2843 n,
570 2799 626 2834 23.
673 2800 769 2835 Stob.
794 2800 821 2843 1,
844 2799 899 2835 26.
